1824 2889
902 75 925 112 9

197 192 521 232 instrumentalem
539 204 637 232 nunc
656 192 875 233 sociativum
893 194 960 234 aut
979 194 1236 234 comitativum
1245 195 1270 246 ¹)
1299 195 1485 246 appellare
1507 194 1626 234 solent

197 258 303 307 eique
330 259 621 297 annumerantur
649 258 763 297 etiam
797 258 886 306 loci,
926 259 1060 308 quibus
1095 261 1162 298 aut
1196 260 1355 309 qualitas
1393 262 1460 299 aut
1493 260 1624 299 modus

198 323 237 363 et
263 333 321 362 res
351 322 565 374 conjunctae
594 335 678 363 011111
708 323 833 374 aliqua
861 324 1003 363 actione
1036 324 1302 376 significantur.
1359 325 1555 365 Accedunt
1591 324 1625 364 ei

198 389 287 439 ἅμα,
311 389 418 439 μετά,
448 388 521 434 ξύν,
551 389 652 440 ὁμοῦ.
707 389 791 428 Hac
819 401 865 428 ex
892 390 1087 440 principali
1114 391 1150 428 vi
1178 390 1472 430 instrumentalis
1500 392 1625 429 exorta

198 454 255 494 est
288 453 356 493 illa
387 453 679 494 instrumentum
714 454 925 506 significans
963 467 1035 505 quo
1073 455 1163 506 quid
1200 456 1334 507 agitur.
1399 457 1530 506 Neque
1564 455 1624 495 1110

198 519 360 559 difficilis
411 520 484 560 fuit
533 520 748 570 explicatio,
801 533 917 571 quum
962 521 1086 571 ipsum
1134 522 1423 562 instrumentum
1463 521 1625 572 quodam

197 584 306 624 modo
344 597 488 636 semper
525 598 610 625 cum
647 598 689 625 eo
727 587 903 637 appareat
931 587 1187 638 conjunctum,
1227 587 1291 638 qui
1325 587 1528 638 adhibet²):
1568 588 1625 626 est

198 651 307 699 enim,
338 652 382 691 ut
409 664 521 702 supra
550 652 720 701 diximus,
750 653 887 703 ubique
914 653 1098 703 particeps
1119 653 1403 699 actionis,verbo
1423 664 1622 704 expressae.

197 718 242 756 In
269 718 395 756 nostro
424 729 589 756 sermone
616 718 714 757 1111110
751 718 1075 758 instrumentalem
1108 718 1251 757 diversa
1278 719 1419 757 ratione
1446 719 1624 758 vertimus

198 783 236 822 et
264 795 358 833 quae
385 783 447 822 hio
474 784 650 823 interesse
678 785 774 824 inter
802 785 970 836 singulos
998 785 1097 824 locos
1127 785 1271 824 statuta
1300 780 1391 832 sint,
1430 785 1550 835 magis
1583 797 1624 824 ex

198 848 438 887 translatlone
466 850 593 888 nostra
620 850 725 888 nobis
754 862 944 889 emanasse
971 850 1161 897 videntur,
1192 862 1304 900 quam
1341 862 1379 888 10
1406 862 1492 889 vera
1520 850 1624 889 diffe-

197 914 337 953 rentiae
364 926 508 962 rerum,
547 915 646 954 locos
675 915 774 962 dico,
805 916 869 955 ubi
897 928 963 955 nos
991 916 1133 955 utimur
1167 916 1307 955 talibus
1350 915 1623 963 „hinsichtlieh,

198 991 256 1027 an,
286 984 443 1031 gemass,
474 981 547 1028 auf,
568 992 644 1028 vor,
665 981 796 1020 unter“
819 982 888 1021 010.
937 981 1123 1021 Liberiore
1147 993 1217 1020 usu
1236 981 1383 1021 videtur
1402 981 1624 1020 instrumen—

197 1045 285 1085 talis
315 1057 466 1086 oausam
493 1046 670 1095 indicans,
701 1058 743 1086 ex
771 1059 844 1098 qua
871 1047 1012 1098 aliquid
1040 1047 1245 1098 perfectum
1274 1048 1341 1095 est,
1377 1047 1441 1086 sed
1469 1046 1624 1086 referen-

198 1111 288 1151 dum
321 1124 399 1151 esse
437 1124 523 1151 eum
560 1113 607 1151 ad
644 1113 935 1153 instrumentum
972 1114 1243 1165 significantem
1280 1126 1395 1164 quum
1432 1113 1488 1160 id,
1528 1112 1626 1163 quod

197 1178 342 1229 saepius
363 1190 449 1217 011111
468 1190 509 1218 eo
530 1180 712 1230 congruit,
742 1181 825 1219 tum
852 1180 948 1219 illud
974 1180 1082 1219 docet
1100 1192 1284 1230 nusquam
1303 1179 1402 1230 apud
1420 1179 1625 1218 Homerum

196 1244 351 1283 inveniri
384 1244 622 1296 conjunctum
656 1245 948 1285 instrumentum
986 1258 1071 1285 cum
1110 1258 1237 1294 causa,
1277 1245 1341 1284 sed
1378 1257 1443 1295 pro
1480 1245 1545 1283 illo
1584 1256 1625 1283 ex

199 1310 461 1350 consuetudine
488 1310 713 1350 intercedere
740 1312 1047 1362 praepositionem
1076 1311 1145 1350 ὑπὸ
1175 1324 1260 1350 011111
1295 1311 1476 1362 genitivo,
1515 1323 1626 1361 quem

198 1376 319 1417 dicam
347 1376 794 1427 genitivum-ablativum
821 1377 971 1428 propius
1007 1377 1054 1416 ad
1089 1377 1413 1417 instrumentalem
1451 1376 1626 1416 acceden—

196 1442 323 1493 tem.³)
378 1442 435 1481 De
462 1443 794 1492 praepositionibus
822 1444 861 1482 et
888 1443 1071 1482 adverbiis
1100 1455 1194 1493 quae
1228 1442 1505 1482 instrumentali
1541 1454 1626 1481 0011-

191 1507 401 1558 junguntur
429 1508 467 1546 in
496 1508 708 1547 universum
738 1508 1059 1548 commemoranda
1094 1521 1172 1547 esse
1206 1508 1380 1548 videntur
1412 1508 1520 1547 haec:
1563 1508 1625 1546 In-

197 1574 452 1613 strumentalis
495 1575 582 1614 sunt
620 1575 715 1626 ἅμα,
749 1576 863 1626 μετά,
902 1573 963 1617 ξὺν
1006 1575 1072 1614 aut
1114 1574 1197 1620 σύν,
1242 1575 1351 1626 ὁμοῦς
1389 1573 1627 1613 inveniuntur

197 1640 386 1689 praeterea
413 1640 517 1691 ἀμφί,
547 1640 616 1685 ἐπί,
646 1640 740 1692 περί,
771 1640 840 1678 ὑπό
868 1641 1172 1690 praepositiones,
1208 1652 1301 1689 quae
1338 1641 1426 1678 sunt
1462 1640 1625 1678 locativi.

199 1703 271 1744 Sed
299 1705 401 1743 nullo
430 1705 538 1744 modo
567 1705 636 1745 hoc
665 1706 722 1745 est
750 1705 1031 1754 documentum,
1069 1706 1112 1745 ut
1145 1717 1187 1745 ex
1214 1705 1373 1745 locativo
1402 1705 1549 1744 exortus
1577 1704 1627 1744 sit

197 1771 504 1819 instrumentalis,
535 1772 598 1810 sed
626 1772 687 1810 1110
715 1784 860 1822 quoque
888 1772 1016 1811 localis
1045 1772 1339 1811 instrumentalis
1358 1772 1438 1810 1000
1458 1772 1623 1821 apparet.

197 1837 332 1877 Elucet
358 1837 427 1876 hoc
450 1837 530 1889 jam
558 1850 600 1877 ex
629 1850 682 1886 eo,
712 1837 811 1889 quod
838 1838 908 1877 hae
935 1838 1221 1889 praepositiones
1249 1849 1322 1877 non
1344 1837 1555 1889 junguntur
1578 1837 1624 1876 ab

196 1903 359 1942 Homero
396 1903 453 1941 illi
489 1903 685 1953 principali
722 1915 765 1942 ac
801 1904 965 1943 naturali
1003 1903 1190 1942 societatis
1227 1903 1522 1950 instrumentali,
1562 1903 1626 1942 sed

198 1968 262 2018 qui
288 1968 581 2008 instrumentum
609 1970 676 2008 aut
705 1981 855 2008 causam
884 1969 1080 2020 significat.
1138 1969 1193 2007 Ex
1226 1980 1297 2007 usu
1324 1965 1523 2007 Homerico
1559 1968 1625 2007 ad-

196 2034 407 2072 verbiorum
435 2035 473 2073 01
500 2035 813 2084 praepositionum
840 2034 1118 2073 instrumentali
1139 2035 1357 2084 junctorum
1385 2034 1626 2073 statuendum

197 2099 254 2138 est
282 2098 344 2142 ξὺν
373 2101 439 2139 aut
467 2099 531 2139 σὺν
559 2100 722 2151 primum
755 2100 980 2152 significasse
1015 2112 1209 2151 personam
1244 2099 1409 2151 aliquam
1444 2101 1511 2139 aut
1547 2111 1626 2138 rem

197 2166 357 2215 quodam
385 2167 520 2205 auxilio
548 2167 767 2216 participem
795 2179 874 2210 esse
893 2167 1048 2217 alicujus
1067 2167 1240 2214 actionis,
1271 2179 1345 2216 qua
1373 2167 1417 2205 de
1446 2179 1485 2205 re
1513 2167 1626 2205 simul

197 2242 283 2270 cum
311 2230 381 2269 ὑπὸ
409 2231 689 2281 praepositione,
720 2243 813 2282 quae
841 2231 902 2271 hic
929 2232 1018 2273 fere,
1033 2231 1186 2271 eandem
1207 2232 1361 2282 praebet
1379 2231 1467 2279 vim,
1497 2231 1626 2270 addita

288 2374 320 2448 ¹31
333 2372 450 2405 Liceat
477 2372 529 2404 his
560 2373 693 2405 minime
726 2372 920 2405 Latinorum
951 2372 1059 2404 verbis
1094 2373 1157 2410 uti,
1191 2373 1270 2413 quia
1293 2372 1362 2414 jam
1393 2373 1518 2405 usitata
1548 2375 1626 2404 sunt

196 2415 274 2448 viris
322 2416 414 2448 octis.

284 2462 310 2500 ²)
334 2460 390 2492 cfr.
415 2459 583 2493 Delbriick
606 2460 674 2493 und
690 2460 862 2493 Windisch
879 2458 1109 2502 Syntacti'sche
1126 2461 1364 2502 Forschungen
1379 2460 1405 2492 Ι.
1424 2460 1496 2492 Τ111.
1542 2459 1625 2493 Con-

192 2503 322 2544 junctiv
347 2503 416 2536 und
442 2503 579 2545 Optativ
610 2504 654 2536 im
681 2504 804 2537 Homer
834 2504 901 2536 und
925 2504 1078 2536 Sanskrit
1111 2514 1186 2546 pag.
1212 2504 1253 2536 58
1277 2514 1350 2535 ann.
1400 2504 1488 2541 „Das
1512 2504 1624 2535 Mittel

196 2546 278 2579 wird
301 2547 487 2590 sprachlich
512 2548 560 2581 als
584 2547 642 2581 der
666 2547 811 2581 Genosse
835 2547 1048 2591 aufgefasst.“

283 2593 309 2632 ³)
333 2592 389 2624 cfr.
415 2591 446 2624 Z
466 2593 515 2631 74,
541 2591 570 2624 P
588 2593 660 2630 320,
686 2605 704 2624 κ
727 2593 768 2625 79
792 2594 826 2625 01
849 2592 1016 2626 Delbriick
1032 2592 1167 2625 Ablativ
1183 2594 1244 2625 etc.
1261 2602 1337 2634 pag.
1357 2593 1395 2624 17
1422 2592 1481 2630 „In
1498 2591 1620 2628 diesem

197 2636 297 2670 Sinne
320 2635 459 2671 beriihrt
482 2636 551 2669 sich
576 2636 633 2671 der
655 2635 792 2670 Ablativ
815 2636 900 2670 noch
923 2637 985 2671 mit
1009 2636 1081 2673 dem
1104 2636 1394 2672 Instrumentalis‘*
1421 2638 1482 2673 etc.
