1824 2889
888 77 909 115 5

184 199 281 239 enim
309 198 474 247 tempore
503 196 616 236 etiam
644 208 709 246 pro
738 196 947 235 accusativo
976 195 1186 235 adhibitum
1218 196 1285 235 est.
1296 196 1322 246 ¹)
1377 196 1608 235 Instrumen-
1627 194 1637 205 ‘

183 264 298 305 talem
325 263 451 302 autem
479 262 556 301 vim
584 261 793 300 naturalem
821 272 865 300 ac
892 260 1132 311 principalem
1156 260 1269 299 fuisse
1293 260 1433 300 indicat
1452 260 1607 311 pluralis

181 327 476 370 instrumentalis
503 327 542 367 in
569 327 683 368 {mi-s
712 326 833 366 exiens
860 326 899 365 in
922 326 1257 366 Palaeo-Indorum
1275 326 1404 377 lingua
1423 326 1461 365 et
1479 326 1607 377 singu-

182 395 270 435 laris
297 393 594 433 instrumentalis
622 392 660 431 in
687 392 1044 443 Palaeo-Bulgarica
1083 393 1121 431 et
1158 391 1378 432 Lithuanica
1412 392 1542 443 lingua
1568 391 1607 430 in

181 460 285 511 mi2).
341 458 451 498 Addo
480 458 595 498 etiam
622 458 660 497 in
688 458 817 509 lingua
844 458 1071 496 Polonorum
1099 469 1150 498 -m
1182 457 1220 496 in
1249 457 1438 508 singulari,
1477 458 1542 498 ·mi
1569 457 1607 496 in

181 524 318 577 plurali
345 535 497 563 numero
527 523 758 574 singnificare
787 522 1121 562 instrumentalem.
1179 522 1351 562 Ceterum
1382 523 1607 562 instrumen-

181 591 268 632 talis
296 589 352 629 vis
380 589 503 629 suffixi
531 604 603 641 φιν,
633 603 674 641 φι
701 588 747 627 iis
776 588 889 628 etiam
917 588 1008 628 locis
1047 588 1299 639 cognoscitur,
1340 588 1404 627 ubi
1433 588 1605 639 junctum

181 656 342 696 ablativo
371 656 436 694 aut
463 655 574 694 locali
600 653 795 705 videtur.³)

213 810 263 851 Π.
307 808 500 855 Quomodo
529 808 740 849 cohaereat
766 807 1077 849 instrumentalis
1106 819 1191 848 cum
1219 807 1334 848 locali
1362 808 1403 849 et
1431 807 1574 849 dativo.

288 895 413 944 Quum
440 895 735 935 instrumentalis
763 907 881 946 neque
909 895 947 934 111
975 906 1141 934 sermone
1160 895 1379 934 Latinorum
1399 896 1606 935 reservatus

180 962 240 1009 sit,
270 962 335 1001 ubi
362 961 547 1000 ablativus
576 962 678 1000 tenet
705 961 863 1000 maxime
891 961 969 1012 ejus
997 962 1134 1008 locum,
1165 961 1293 1000 localis
1321 973 1405 1000 vero
1440 962 1606 1012 propriae

179 1028 316 1067 formae
358 1026 457 1077 apud
495 1026 654 1067 Graecos
697 1027 734 1066 et
775 1026 927 1066 Latinos
966 1026 1172 1076 complures
1217 1026 1468 1074 inveniantur,
1511 1026 1605 1066 veri-

179 1093 350 1131 similiter
372 1093 451 1143 jam
485 1094 570 1131 ante
607 1093 763 1131 localem
799 1092 1022 1131 exstinctum
1050 1092 1346 1131 instrumentalis
1374 1092 1413 1130 in
1449 1094 1606 1142 utraque

178 1158 307 1209 lingua
334 1157 517 1196 interiisse
545 1158 695 1209 ejusque
723 1158 803 1196 loco
837 1157 985 1196 dativus
1021 1159 1059 1196 61
1093 1156 1222 1195 localis
1260 1157 1298 1195 in
1333 1157 1462 1207 lingua
1490 1157 1605 1197 Grae-

180 1234 323 1269 corum,
354 1223 539 1262 ablativus
568 1224 605 1262 et
642 1223 797 1262 fortasse
836 1223 950 1262 etiam
987 1223 1135 1262 dativus
1170 1222 1343 1262 videntur
1379 1222 1491 1273 positi
1527 1234 1606 1263 esse

177 1289 215 1328 in
243 1289 373 1340 lingua
399 1288 527 1328 latina.
535 1289 564 1340 4)
621 1289 814 1328 Facillime
843 1289 969 1328 autem
997 1288 1125 1328 localis
1158 1287 1277 1327 vicem
1310 1287 1605 1330 instrumentalis

177 1355 402 1394 intercedere
430 1356 572 1406 potuit,
603 1368 718 1406 quum
746 1355 959 1406 principalis
988 1355 1065 1406 ejus
1093 1355 1167 1402 vis,
1198 1367 1291 1405 quae
1319 1356 1377 1395 est
1404 1355 1603 1403 societatis,

179 1422 461 1472 conjunctionis,
506 1422 537 1461 si
574 1422 664 1461 haec
701 1422 857 1461 societas
892 1422 1017 1461 locum
1059 1433 1202 1471 quoque
1240 1421 1440 1471 spectavit,
1484 1422 1605 1473 magis

177 1486 369 1538 magisque
399 1488 619 1526 coalesceret
648 1499 733 1526 cum
761 1487 796 1525 vi
824 1487 954 1533 locali;
984 1498 1051 1526 1166
1078 1487 1201 1525 minus
1229 1486 1348 1526 facilis
1373 1499 1459 1526 cum
1478 1487 1604 1526 dativo

176 1553 249 1592 fuit
278 1553 533 1600 commutatio,
568 1565 655 1591 nam
692 1565 766 1591 una
804 1565 890 1591 cum
927 1552 1053 1591 formis
1090 1552 1267 1591 sermonis
1307 1553 1479 1591 continuo
1518 1564 1603 1592 con-

177 1617 393 1657 sistentibus
423 1618 537 1658 etiam
565 1618 620 1657 vis
643 1618 875 1669 singulorum
893 1618 1090 1657 verborum
1109 1617 1238 1656 eodem
1256 1617 1366 1657 modo
1387 1617 1604 1657 confirmata

177 1684 244 1723 est.
302 1683 383 1732 Qua
411 1684 552 1723 ratione
579 1685 649 1723 hoc
676 1684 819 1723 factum
847 1684 897 1723 sit
924 1683 1110 1723 nonnullis
1144 1683 1235 1723 locis
1270 1684 1328 1723 est
1355 1684 1602 1734 perspicuum,

177 1750 220 1787 ut
252 1749 290 1786 H
303 1751 393 1797 366,
426 1748 462 1787 Ξ
482 1751 559 1789 318
593 1749 627 1787 Ρ
644 1751 720 1788 477
752 1763 774 1799 γ
803 1751 891 1796 110,
922 1750 1000 1789 409
1030 1748 1162 1801 θεόφιν
1185 1749 1338 1802 μήστωρ
1367 1750 1602 1801 ἀτάλαντοςῦ)

175 1816 320 1864 praeter
360 1816 618 1866 „comparatus
648 1827 733 1855 cum
761 1815 908 1865 aliqu0“
949 1814 1094 1855 exstitit
1133 1826 1224 1865 „par
1261 1814 1410 1855 alicui“.
1478 1814 1603 1864 Quum

264 1978 287 2018 ¹)
312 1977 369 2010 cfr.
401 1978 455 2010 Fr.
487 1977 621 2011 Lissner
652 1987 727 2020 pag.
758 1977 800 2010 24
829 1987 913 2016 ann„
949 1977 1006 2019 qui
1029 1977 1146 2010 attulit
1168 1977 1276 2010 locum
1309 1977 1416 2010 minus
1450 1980 1601 2012 accurate

177 2020 300 2053 Hesiod
331 2032 359 2054 v.
386 2023 449 2054 770
480 2024 514 2059 ἐς
534 2022 658 2066 ἕννηφιν
689 2024 723 2054 61
754 2021 886 2054 Curtius
916 2020 1114 2063 Grundziige
1145 2021 1203 2054 der
1233 2021 1366 2064 etymol.
1391 2022 1549 2065 Forschg.
1573 2023 1599 2055 Ι.

175 2074 250 2106 pag.
276 2066 356 2104 274,
380 2068 488 2098 exstat
512 2066 598 2098 enim
621 2065 758 2098 Hesiodi
780 2065 815 2097 in
837 2064 932 2104 libro,
958 2065 1015 2107 qui
1037 2065 1217 2106 inscriptus
1235 2068 1287 2098 est
1308 2065 1391 2108 ἔργα
1414 2066 1465 2098 καὶ
1505 2067 1602 2109 μέραι

176 2118 288 2141 versus
311 2110 376 2141 410
399 2110 433 2141 111
457 2109 601 2142 editione
627 2109 826 2150 Goettlingii
851 2108 980 2142 Gothae
1005 2111 1039 2141 et
1055 2109 1227 2142 Erfordiae
1250 2109 1464 2143 MDCCCXX
1525 2109 1601 2153 μηδ’

175 2152 419 2192 ἀναβάλλεσθαι
434 2152 468 2190 ἔς
486 2152 513 2185 τ’
529 2152 639 2195 αὔριον
655 2153 689 2189 ἔς
703 2152 731 2185 τ’
746 2152 880 2195 ἔννηφιν.
915 2152 1373 2185 Localem-instrumentalem
1389 2163 1459 2186 esse
1472 2153 1601 2195 judicat

174 2194 393 2228 Delbriickius
416 2206 491 2238 pag.
515 2198 566 2229 41.

261 2241 287 2279 ²)
311 2239 368 2272 cfr.
392 2239 560 2273 Delbriick
575 2240 710 2273 Ablativ
742 2242 802 2272 etc.
827 2250 903 2282 pag.
929 2240 957 2279 2,
995 2240 1186 2273 Schleicher
1216 2240 1452 2282 Compendium
1487 2244 1506 2281 ἓ
1537 2241 1599 2274 259

174 2281 241 2315 Leo
264 2283 378 2325 Meyer
402 2283 499 2316 Gedr.
523 2284 635 2326 Vergl.
659 2294 735 2326 pag.
760 2284 801 2316 54
824 2284 861 2316 F.
885 2284 1020 2317 Lissner
1042 2294 1118 2326 pag.
1145 2285 1183 2316 16
1208 2295 1255 2326 sq.

260 2328 286 2368 ³)
310 2326 356 2360 Ut
380 2326 406 2359 A
431 2328 489 2361 351
519 2328 583 2360 πλά
625 2329 669 2372 19η
700 2326 729 2359 δ’
759 2329 821 2359 ἀπὸ
846 2328 990 2372 χαλκόφι
1014 2328 1140 2372 χαλκός
1171 2338 1244 2361 vom
1274 2328 1355 2361 Erze
1385 2328 1509 2370 prallte
1541 2328 1599 2361 das

173 2369 230 2402 das
246 2370 308 2403 Erz
332 2371 372 2403 ab
388 2372 409 2404 i.
424 2382 450 2404 e.
476 2372 578 2404 durch
625 2383 660 2404 as
683 2372 755 2410 Erz,
779 2371 804 2403 Θ
819 2372 883 2404 300
902 2369 941 2404 Ἦ
954 2373 1010 2414 ῥα,
1033 2372 1085 2404 καὶ
1107 2371 1205 2405 ἄλλον
1229 2373 1335 2405 ὀϊστὸν
1357 2374 1420 2405 ἀπὸ
1451 2376 1599 2415 νευρῆφιν

172 2412 279 2446 ἴαλλεν
302 2415 449 2457 sprach's
479 2415 546 2448 und
577 2416 672 2448 einen
704 2415 847 2448 anderen
869 2415 955 2448 Pfeil
986 2416 1149 2449 schnellte
1178 2427 1212 2449 er
1243 2416 1284 2449 ab
1314 2426 1378 2449 von
1410 2416 1467 2449 der
1490 2416 1598 2449 Sehne

172 2457 193 2488 i.
219 2467 245 2490 e.
269 2458 339 2497 mit,
365 2459 566 2492 vermittelst
589 2459 647 2492 der
671 2460 796 2498 Sehne3
828 2469 945 2492 nervus
976 2459 1040 2498 1116,
1071 2462 1109 2492 111
1139 2470 1239 2501 supra
1263 2460 1388 2504 χαλκός
1416 2460 1597 2502 participes

171 2501 327 2578 1111161111ιῖ1
340 2503 479 2578 εξᾳοῃὶε
496 2503 653 2545 subjecti3
683 2501 710 2534 T
726 2503 789 2536 255
814 2504 927 2540 πάντες
947 2502 996 2535 ἐπ’
1019 2504 1153 2546 αὐτόφιν
1175 2504 1264 2538 εἴατο
1284 2504 1348 2536 alle
1363 2504 1425 2536 mit
1441 2503 1599 2539 einander

171 2554 283 2577 sassen
329 2556 348 2578 a
373 2557 411 2578 e1.

258 2590 284 2629 ⁴)
309 2589 366 2621 cfr.
392 2589 524 2623 Curtius
548 2590 814 2632 Erlauterungen
836 2600 912 2632 pag.
940 2590 1010 2624 165.

218 2673 223 2680 ι
258 2634 284 2674 ⁶)
308 2633 478 2668 Delbriick
502 2633 637 2668 Ablativ
661 2636 722 2668 etc.
747 2644 823 2677 pag.
849 2634 899 2669 56.
