1824 2889
859 92 908 130 23

296 208 423 252 οἴχομαι
443 221 465 250 ρ
491 210 563 247 104,
587 221 607 242 τ
629 209 701 248 183,
723 209 746 246 ξ
765 208 816 247 25,

296 264 381 306 ὀχέω
409 262 437 295 Ω
460 264 534 301 732,

297 317 459 360 ὁρμάομαι
487 316 515 349 Υ
534 318 605 356 192,

295 373 480 415 ὁμοστιχάω
509 372 533 404 0
556 373 629 411 634,

299 425 425 463 πελάζω
448 425 485 458 Μ
506 427 578 465 112,

296 481 428 521 πέτομαι
452 479 486 513 Π
506 482 577 521 149,
600 482 627 522 β
650 481 721 521 148,

297 535 383 568 πλέω
406 536 429 573 ξ
448 536 522 575 253,

290 591 418 633 ῥώομαι
446 591 480 623 Ψ
498 591 572 630 367,

296 645 413 689 mayn,
437 644 471 677 Π
489 646 562 684 257,
588 645 608 678 J
626 646 678 685 85,
701 659 711 678 ι
733 647 806 683 418,

294 701 463 743 στιχάομαι
486 700 514 733 Σ
532 701 606 739 577,
631 699 659 733 Β
680 701 753 739 602,
777 700 850 740 516,
875 701 948 739 680,
973 701 1045 739 733,

296 755 409 797 φεύγω
432 767 450 786 κ
474 755 546 793 268,
571 768 592 787 α
618 756 666 788 19.

271 820 316 859 111
344 821 661 872 conjunctionibus
690 833 799 875 equo,
828 823 930 873 navi,
961 833 1082 862 curru
1115 822 1204 862 vehi
1240 834 1312 861 non
1346 822 1483 871 ubique
1518 821 1593 859 dis-

164 885 278 941 cerni⁴
304 897 410 935 posse
447 887 593 937 judicat
634 887 903 926 Delbrueckius
942 887 991 937 (a.
1032 887 1058 925 l.
1097 899 1182 937 pag.
1221 887 1459 938 57)(111111113
1502 886 1593 925 locis

162 951 290 990 localis
318 951 356 990 in
385 951 522 1003 linguis
560 952 772 1003 Europaeis,
812 952 945 1003 quibus
983 952 1278 992 instrumentalis
1314 951 1593 991 constituendus

163 1016 223 1055 sit.
282 1017 499 1056 Praevalere
534 1019 662 1057 autem
693 1018 1017 1057 instrumentalem
1045 1018 1144 1068 apud
1172 1018 1379 1057 Homerum
1411 1018 1449 1056 in
1478 1018 1592 1068 signi-

161 1081 396 1121 ficationibus
424 1094 521 1135 equo
550 1083 617 1121 aut
650 1094 772 1124 curru
811 1082 900 1123 vehi
922 1082 1001 1133 jam
1039 1094 1081 1121 ex
1119 1094 1160 1121 eo
1198 1083 1331 1130 elucet,
1370 1082 1468 1131 quod
1505 1094 1592 1121 nus-

161 1157 275 1196 quam
303 1147 363 1185 hic
391 1147 613 1197 praepositio
644 1148 694 1194 ἐν,
724 1147 871 1197 saepius
899 1159 984 1186 vero
1023 1147 1087 1185 σὺν
1123 1147 1331 1193 adhibetur,
1373 1149 1411 1185 et
1446 1147 1592 1185 omnino

160 1211 457 1251 instrumentalis
486 1225 598 1252 usum
625 1212 913 1263 frequentiorem
940 1212 1053 1251 fuisse
1081 1212 1119 1250 in
1147 1212 1328 1263 ejusmodi
1366 1212 1593 1263 conjunctio-

160 1277 269 1316 nibus
298 1278 392 1316 talia
422 1279 639 1317 confirment
667 1279 705 1316 in
733 1279 863 1329 lingua
881 1278 1106 1317 Polonorum
1134 1289 1382 1327 powozem,
1417 1278 1591 1324 konno,

160 1342 372 1395 okretem
402 1343 626 1395 (germanice
658 1356 727 1391 „zu
755 1344 920 1395 Wagen,
950 1356 996 1382 zu
1024 1342 1175 1390 Pserde,
1206 1355 1251 1381 zu
1280 1342 1471 1393 Schiffe“).
1519 1343 1593 1382 Hic

160 1408 258 1447 enim
287 1409 462 1448 subtilius
491 1409 673 1459 explicata
695 1410 776 1460 jam
803 1410 957 1459 apparet
990 1409 1171 1447 naturalis
1199 1408 1254 1447 vis
1283 1408 1592 1456 instrumentalis,

160 1486 277 1524 quum
304 1475 399 1514 ratio
437 1487 480 1514 ac
508 1471 640 1515 modus
677 1475 835 1515 vehendi
872 1474 1139 1526 significentur.
1176 1473 1279 1526 ,Qua
1318 1486 1356 1514 re
1394 1486 1436 1514 00
1471 1474 1593 1526 magis

161 1540 340 1590 cogimur,
371 1541 414 1579 ut
441 1541 515 1579 11110
543 1541 743 1580 referamus
773 1553 858 1579 eum
886 1541 1181 1580 instrumentalis
1209 1552 1331 1579 usum.

290 1623 326 1658 K
342 1626 407 1659 330
440 1628 506 1663 τοῖς
534 1626 667 1659 ἵπποισιν
698 1627 890 1670 ἐποχήσεται
925 1625 954 1658 P
970 1626 1035 1659 460
1068 1625 1172 1663 ἵπποις
1193 1626 1314 1658 ἀίσσων
1343 1625 1376 1658 Ψ
1394 1626 1457 1659 504
1491 1626 1595 1663 ἵπποις

290 1681 506 1713 ὠκυπόδεσσιν
528 1682 699 1725 ἐπέτρεχον
731 1680 760 1713 P
777 1682 839 1714 448
874 1681 1011 1724 ἅρμασιν
1042 1681 1262 1713 δαιδαιλέοισιν
1292 1682 1486 1725 ἐποχήσεται
1522 1681 1554 1713 Ψ
1572 1682 1592 1713 8

290 1735 400 1772 αὐτοῖς
412 1735 530 1768 ἵπποισι
552 1736 603 1767 καὶ
620 1736 755 1779 ἆμαρσιν
779 1735 880 1767 ἆσσον
904 1736 1005 1772 ἰόντες
1020 1733 1053 1767 Π
1064 1736 1125 1768 811
1151 1735 1258 1767 &Mem
1280 1735 1336 1772 ξὺν
1352 1735 1469 1779 ὄχεσφι
1492 1737 1514 1767 δ
1527 1736 1590 1768 533

287 1790 331 1832 βῆ
355 1790 478 1822 καλέων
500 1790 634 1822 ἵπποισιν
650 1791 702 1822 καὶ
718 1790 849 1834 ὄχεσφιν
873 1788 903 1822 Ε
914 1790 977 1822 219
1001 1790 1059 1822 σὺν
1081 1790 1216 1823 ἵπποισιν
1240 1790 1291 1822 καὶ
1307 1789 1439 1834 ὄχεσφιν
1455 1791 1592 1823 ἐλθόντε

291 1843 327 1876 Μ
348 1846 409 1878 119
433 1845 577 1877 νίσσοντο
594 1845 650 1877 σὺν
674 1844 808 1877 ἰ’πποιοτν
831 1844 883 1876 καὶ
906 1844 1039 1888 ὄχεσφιν
1064 1843 1159 1877 1384
1182 1845 1355 1888 ἐξοιχνεῦσι
1378 1845 1434 1876 σὺν
1458 1845 1592 1877 ἵπποισιν

290 1899 341 1931 καὶ
364 1899 505 1943 ὄχεσφιν.

267 1978 390 2018 Multo
418 1978 644 2029 frequentior
672 1978 729 2017 est
756 1977 794 2016 in
823 1977 1079 2029 conjunctione
1107 1977 1207 2017 vocis
1236 1979 1325 2023 ναῦς
1355 1989 1441 2016 011111
1470 1977 1592 2017 verbis

158 2043 269 2082 eundi
296 2044 356 2083 vel
384 2044 540 2083 vehendi
567 2042 788 2094 praepositio
817 2042 894 2089 σύν,
925 2044 1040 2083 3011101
1068 2043 1212 2083 accedit
1240 2043 1328 2095 ἅμα,
1363 2043 1509 2093 saepius
1539 2044 1590 2089 ἐν,

158 2108 275 2148 dativi
303 2110 382 2148 sola
410 2109 530 2148 forma
557 2109 617 2148 hic
637 2109 772 2159 septies
793 2108 912 2148 decies
931 2104 1129 2157 invenitur,
1159 2121 1231 2148 uno
1261 2109 1341 2148 loco
1361 2109 1467 2148 adest
1485 2121 1591 2159 prae-

156 2174 291 2223 positio
321 2174 388 2213 ἐπί.
447 2174 632 2214 Usitatior
659 2174 954 2214 instrumentalis
982 2174 1130 2214 videtur
1167 2174 1205 2213 in
1242 2174 1363 2213 verbis
1399 2174 1590 2220 ἅλαπάζω,

153 2239 286 2289 βαίνω,
316 2239 396 2292 εἶμι,
426 2239 596 2294 ἔρχομαι,
614 2241 735 2284 ἱκάνω,
757 2240 883 2284 νόστος
898 2239 1082 2290 γενέσθαι,
1103 2238 1258 2293 οἴχομαι,
1279 2238 1428 2291 φθάνω,
1449 2240 1589 2292 φεύγω,

157 2317 314 2355 quorum
342 2306 425 2345 aliis
453 2306 676 2356 praepositio
710 2306 748 2344 ἐν
786 2306 894 2356 plane
933 2318 1006 2345 non
1037 2306 1222 2357 jungitur,
1263 2305 1347 2345 aliis
1385 2306 1589 2352 rarissime;

156 2371 262 2410 adest
289 2371 435 2422 saepius
464 2383 551 2411 cum
580 2371 699 2411 verbis
729 2371 807 2422 ἄγω
836 2372 873 2411 01
902 2371 1044 2423 νέομαις
1074 2372 1172 2410 πλέω
1200 2370 1328 2411 autem
1364 2371 1590 2411 instrumen-

155 2437 271 2476 talem
299 2449 346 2476 an
374 2437 532 2477 localem
561 2449 687 2477 secum
715 2437 852 2477 habeat
879 2437 980 2477 haud
1007 2437 1115 2477 facile
1135 2448 1353 2488 cognoscas,
1389 2449 1505 2488 quum
1533 2439 1591 2478 ter

156 2502 273 2542 dativi
300 2503 379 2542 sola
407 2502 507 2542 adsit
533 2503 663 2550 forma,
693 2503 750 2542 bis
781 2515 866 2542 cum
890 2503 1160 2554 praepositione
1189 2503 1228 2541 ἐν
1257 2503 1464 2553 conjuncta,
1494 2516 1589 2542 nun-

156 2579 270 2617 quam
297 2577 381 2607 vero
412 2580 497 2607 cum
527 2568 591 2607 σὺν
625 2560 912 2619 praepositione:
951 2581 1039 2619 prae
1077 2568 1320 2608 similitudine
1359 2580 1445 2608 cum
1478 2569 1589 2608 verbo

155 2630 318 2687 οἰχομαι,
362 2633 460 2684 quod
502 2634 647 2685 praeter
689 2633 806 2674 dativi
849 2634 968 2674 solam
1011 2634 1170 2687 formam
1207 2634 1323 2674 etiam
1361 2633 1425 2673 σὺν
1463 2646 1589 2675 30011111
