<?xml version="1.0" encoding="UTF-8"?>
<!DOCTYPE html PUBLIC "-//W3C//DTD XHTML 1.0 Transitional//EN"
    "http://www.w3.org/TR/xhtml1/DTD/xhtml1-transitional.dtd">
<html xmlns="http://www.w3.org/1999/xhtml" xml:lang="en" lang="en">
 <head>
  <title>
</title>
<meta http-equiv="Content-Type" content="text/html;charset=utf-8" />
  <meta name='ocr-system' content='tesseract 3.04.00' />
  <meta name='ocr-capabilities' content='ocr_page ocr_carea ocr_par ocr_line ocrx_word'/>
</head>
<body>
  <div class='ocr_page' id='page_1' title='image "4737233_0063.png"; bbox 0 0 1824 2889; ppageno 0'>
   <div class='ocr_carea' id='block_1_1' title="bbox 861 90 912 129">
    <p class='ocr_par' dir='ltr' id='par_1_1' title="bbox 861 90 912 129">
     <span class='ocr_line' id='line_1_1' title="bbox 861 90 912 129; baseline 0.02 -1"><span class='ocrx_word' id='word_1_1' title='bbox 861 90 912 129; x_wconf 86' lang='lat'>53</span> 
     </span>
    </p>
   </div>
   <div class='ocr_carea' id='block_1_2' title="bbox 756 131 1015 150">
    <p class='ocr_par' dir='ltr' id='par_1_2' title="bbox 756 131 1015 150">
     <span class='ocr_line' id='line_1_2' title="bbox 756 131 1015 150; baseline -0.004 0"><span class='ocrx_word' id='word_1_2' title='bbox 756 131 1015 150; x_wconf 27' lang='lat'>——4</span> 
     </span>
    </p>
   </div>
   <div class='ocr_carea' id='block_1_3' title="bbox 288 207 1601 1723">
    <p class='ocr_par' dir='ltr' id='par_1_3' title="bbox 301 207 625 248">
     <span class='ocr_line' id='line_1_3' title="bbox 301 207 625 248; baseline 0.003 -8"><span class='ocrx_word' id='word_1_3' title='bbox 301 207 381 247; x_wconf 73' lang='grc' dir='ltr'><strong><em>εἶμι</em></strong></span> <span class='ocrx_word' id='word_1_4' title='bbox 404 209 481 241; x_wconf 82' lang='grc' dir='ltr'><strong><em>ποσί</em></strong></span> <span class='ocrx_word' id='word_1_5' title='bbox 500 207 533 240; x_wconf 84' lang='grc' dir='ltr'><em>Η</em></span> <span class='ocrx_word' id='word_1_6' title='bbox 551 210 625 248; x_wconf 90' lang='grc'>212,</span> 
     </span>
    </p>

    <p class='ocr_par' dir='ltr' id='par_1_4' title="bbox 303 262 942 301">
     <span class='ocr_line' id='line_1_4' title="bbox 303 262 942 301; baseline 0.002 -7"><span class='ocrx_word' id='word_1_7' title='bbox 303 262 388 294; x_wconf 84' lang='grc' dir='ltr'>θέω</span> <span class='ocrx_word' id='word_1_8' title='bbox 412 263 559 295; x_wconf 77' lang='grc' dir='ltr'><strong><em>πόδεσσιν</em></strong></span> <span class='ocrx_word' id='word_1_9' title='bbox 587 262 620 295; x_wconf 82' lang='grc' dir='ltr'><em>Ψ</em></span> <span class='ocrx_word' id='word_1_10' title='bbox 637 263 700 296; x_wconf 90' lang='grc'>622</span> <span class='ocrx_word' id='word_1_11' title='bbox 725 263 803 297; x_wconf 87' lang='grc' dir='ltr'><strong><em>ποσί</em></strong></span> <span class='ocrx_word' id='word_1_12' title='bbox 821 264 845 295; x_wconf 87' lang='grc' dir='ltr'><strong><em>θ</em></strong></span> <span class='ocrx_word' id='word_1_13' title='bbox 868 263 942 301; x_wconf 86' lang='grc'>247,</span> 
     </span>
    </p>

    <p class='ocr_par' dir='ltr' id='par_1_5' title="bbox 306 317 1240 361">
     <span class='ocr_line' id='line_1_5' title="bbox 306 317 1240 361; baseline -0.002 -11"><span class='ocrx_word' id='word_1_14' title='bbox 306 317 443 361; x_wconf 79' lang='grc' dir='ltr'><strong><em>ἵστημι</em></strong></span> <span class='ocrx_word' id='word_1_15' title='bbox 465 318 612 350; x_wconf 79' lang='grc' dir='ltr'><strong><em>πόδεσσιν</em></strong></span> <span class='ocrx_word' id='word_1_16' title='bbox 634 318 861 360; x_wconf 76' lang='grc' dir='ltr'><em>ἀμφοτέροισιν</em></span> <span class='ocrx_word' id='word_1_17' title='bbox 882 330 900 351; x_wconf 88' lang='grc' dir='ltr'>ε</span> <span class='ocrx_word' id='word_1_18' title='bbox 922 318 986 351; x_wconf 86' lang='grc'>414</span> <span class='ocrx_word' id='word_1_19' title='bbox 1010 318 1100 350; x_wconf 82' lang='grc' dir='ltr'><strong><em>ποσίν</em></strong></span> <span class='ocrx_word' id='word_1_20' title='bbox 1123 329 1147 349; x_wconf 94' lang='grc' dir='ltr'>σ</span> <span class='ocrx_word' id='word_1_21' title='bbox 1166 317 1240 355; x_wconf 88' lang='grc'>241,</span> 
     </span>
    </p>

    <p class='ocr_par' dir='ltr' id='par_1_6' title="bbox 303 370 797 414">
     <span class='ocr_line' id='line_1_6' title="bbox 303 370 797 414; baseline 0.002 -11"><span class='ocrx_word' id='word_1_22' title='bbox 303 372 374 403; x_wconf 89' lang='grc' dir='ltr'>κίω</span> <span class='ocrx_word' id='word_1_23' title='bbox 397 372 534 404; x_wconf 87' lang='grc' dir='ltr'><strong><em>πόδεσσί</em></strong></span> <span class='ocrx_word' id='word_1_24' title='bbox 552 383 589 414; x_wconf 88' lang='grc' dir='ltr'>γε</span> <span class='ocrx_word' id='word_1_25' title='bbox 611 371 675 405; x_wconf 85' lang='grc' dir='ltr'><strong><em>οἷσι</em></strong></span> <span class='ocrx_word' id='word_1_26' title='bbox 698 370 727 404; x_wconf 88' lang='lat' dir='ltr'><strong><em>P</em></strong></span> <span class='ocrx_word' id='word_1_27' title='bbox 744 372 797 412; x_wconf 89' lang='lat'>27,</span> 
     </span>
    </p>

    <p class='ocr_par' dir='ltr' id='par_1_7' title="bbox 302 422 1601 520">
     <span class='ocr_line' id='line_1_7' title="bbox 302 422 1601 469; baseline -0.003 -11"><span class='ocrx_word' id='word_1_28' title='bbox 302 426 475 465; x_wconf 78' lang='grc' dir='ltr'><strong><em>πέτομαι</em></strong></span> <span class='ocrx_word' id='word_1_29' title='bbox 499 426 573 460; x_wconf 86' lang='grc' dir='ltr'><strong><em>ποσὶ</em></strong></span> <span class='ocrx_word' id='word_1_30' title='bbox 595 428 771 469; x_wconf 72' lang='grc' dir='ltr'><strong><em>κραιπνοῖσι</em></strong></span> <span class='ocrx_word' id='word_1_31' title='bbox 806 424 833 459; x_wconf 81' lang='grc' dir='ltr'><em>Φ</em></span> <span class='ocrx_word' id='word_1_32' title='bbox 855 426 919 459; x_wconf 92' lang='grc'>247</span> <span class='ocrx_word' id='word_1_33' title='bbox 950 426 1086 468; x_wconf 86' lang='lat' dir='ltr'><strong>(rectius</strong></span> <span class='ocrx_word' id='word_1_34' title='bbox 1114 426 1255 459; x_wconf 84' lang='lat' dir='ltr'><strong>fortasse</strong></span> <span class='ocrx_word' id='word_1_35' title='bbox 1279 422 1524 466; x_wconf 85' lang='lat' dir='ltr'><strong>componendus</strong></span> <span class='ocrx_word' id='word_1_36' title='bbox 1547 424 1601 455; x_wconf 82' lang='lat' dir='ltr'>est</span> 
     </span>
     <span class='ocr_line' id='line_1_8' title="bbox 366 479 1052 520; baseline 0.001 -8"><span class='ocrx_word' id='word_1_37' title='bbox 366 489 440 512; x_wconf 87' lang='lat' dir='ltr'>cum</span> <span class='ocrx_word' id='word_1_38' title='bbox 462 492 472 512; x_wconf 95' lang='grc' dir='ltr'>ι</span> <span class='ocrx_word' id='word_1_39' title='bbox 493 481 535 513; x_wconf 88' lang='lat'>43</span> <span class='ocrx_word' id='word_1_40' title='bbox 560 479 617 512; x_wconf 83' lang='lat' dir='ltr'><strong>cfr.</strong></span> <span class='ocrx_word' id='word_1_41' title='bbox 642 480 743 513; x_wconf 88' lang='lat' dir='ltr'><strong>etiam</strong></span> <span class='ocrx_word' id='word_1_42' title='bbox 766 479 802 512; x_wconf 88' lang='grc' dir='ltr'><em>Χ</em></span> <span class='ocrx_word' id='word_1_43' title='bbox 821 481 894 520; x_wconf 93' lang='grc'>166,</span> <span class='ocrx_word' id='word_1_44' title='bbox 917 479 946 512; x_wconf 91' lang='grc' dir='ltr'><strong><em>Σ</em></strong></span> <span class='ocrx_word' id='word_1_45' title='bbox 963 480 1052 520; x_wconf 91' lang='grc'>599,)</span> 
     </span>
    </p>

    <p class='ocr_par' dir='ltr' id='par_1_8' title="bbox 301 533 1071 578">
     <span class='ocr_line' id='line_1_9' title="bbox 301 533 1071 578; baseline 0.001 -12"><span class='ocrx_word' id='word_1_46' title='bbox 301 534 520 577; x_wconf 83' lang='grc' dir='ltr'><strong><em>περιδινέω</em></strong></span> <span class='ocrx_word' id='word_1_47' title='bbox 543 534 765 578; x_wconf 77' lang='grc' dir='ltr'><strong><em>καρπαλίμοισι</em></strong></span> <span class='ocrx_word' id='word_1_48' title='bbox 788 535 920 568; x_wconf 89' lang='grc' dir='ltr'><strong><em>πόδεσσι</em></strong></span> <span class='ocrx_word' id='word_1_49' title='bbox 942 533 978 567; x_wconf 91' lang='grc' dir='ltr'><em>Χ</em></span> <span class='ocrx_word' id='word_1_50' title='bbox 998 535 1071 574; x_wconf 89' lang='grc'>166,</span> 
     </span>
    </p>

    <p class='ocr_par' dir='ltr' id='par_1_9' title="bbox 304 588 733 631">
     <span class='ocr_line' id='line_1_10' title="bbox 304 588 733 631; baseline 0.005 -11"><span class='ocrx_word' id='word_1_51' title='bbox 304 588 446 631; x_wconf 80' lang='grc' dir='ltr'><strong><em>πηδάω</em></strong></span> <span class='ocrx_word' id='word_1_52' title='bbox 469 589 580 621; x_wconf 78' lang='grc' dir='ltr'><strong><em>ποσσίν</em></strong></span> <span class='ocrx_word' id='word_1_53' title='bbox 609 588 636 621; x_wconf 81' lang='grc' dir='ltr'><em>Φ</em></span> <span class='ocrx_word' id='word_1_54' title='bbox 658 589 733 628; x_wconf 86' lang='grc'>269,</span> 
     </span>
    </p>

    <p class='ocr_par' dir='ltr' id='par_1_10' title="bbox 302 643 837 684">
     <span class='ocr_line' id='line_1_11' title="bbox 302 643 837 684; baseline 0.004 -9"><span class='ocrx_word' id='word_1_55' title='bbox 302 643 531 684; x_wconf 86' lang='grc' dir='ltr'><strong><em>πλίσσομαι</em></strong></span> <span class='ocrx_word' id='word_1_56' title='bbox 554 644 701 677; x_wconf 83' lang='grc' dir='ltr'><strong><em>πόδεσσιν</em></strong></span> <span class='ocrx_word' id='word_1_57' title='bbox 724 645 745 681; x_wconf 75' lang='grc' dir='ltr'><strong><em>ζ</em></strong></span> <span class='ocrx_word' id='word_1_58' title='bbox 762 644 837 684; x_wconf 91' lang='grc'>318,</span> 
     </span>
    </p>

    <p class='ocr_par' dir='ltr' id='par_1_11' title="bbox 302 698 702 741">
     <span class='ocr_line' id='line_1_12' title="bbox 302 698 702 741; baseline 0.003 -11"><span class='ocrx_word' id='word_1_59' title='bbox 302 699 461 741; x_wconf 84' lang='grc' dir='ltr'><strong><em>σκαίρω</em></strong></span> <span class='ocrx_word' id='word_1_60' title='bbox 484 699 563 731; x_wconf 84' lang='grc' dir='ltr'><strong><em>ποσί</em></strong></span> <span class='ocrx_word' id='word_1_61' title='bbox 581 698 609 731; x_wconf 92' lang='grc' dir='ltr'><em>Σ</em></span> <span class='ocrx_word' id='word_1_62' title='bbox 627 699 702 740; x_wconf 86' lang='grc'>572,</span> 
     </span>
    </p>

    <p class='ocr_par' dir='ltr' id='par_1_12' title="bbox 302 752 1006 796">
     <span class='ocr_line' id='line_1_13' title="bbox 302 752 1006 796; baseline 0.001 -12"><span class='ocrx_word' id='word_1_63' title='bbox 302 753 437 796; x_wconf 79' lang='grc' dir='ltr'><strong><em>τρέχω</em></strong></span> <span class='ocrx_word' id='word_1_64' title='bbox 460 753 691 793; x_wconf 82' lang='grc' dir='ltr'><strong><em>ἐπισταμένοισι</em></strong></span> <span class='ocrx_word' id='word_1_65' title='bbox 713 753 861 786; x_wconf 81' lang='grc' dir='ltr'><strong><em>πόδεσσιν</em></strong></span> <span class='ocrx_word' id='word_1_66' title='bbox 884 752 912 785; x_wconf 91' lang='grc' dir='ltr'><em>Σ</em></span> <span class='ocrx_word' id='word_1_67' title='bbox 930 753 1006 793; x_wconf 92' lang='grc'>599,</span> 
     </span>
    </p>

    <p class='ocr_par' dir='ltr' id='par_1_13' title="bbox 288 801 1554 849">
     <span class='ocr_line' id='line_1_14' title="bbox 288 801 1554 849; baseline -0.002 -10"><span class='ocrx_word' id='word_1_68' title='bbox 288 801 445 849; x_wconf 82' lang='grc' dir='ltr'><strong><em>’φεύγω</em></strong></span> <span class='ocrx_word' id='word_1_69' title='bbox 470 808 615 840; x_wconf 83' lang='grc' dir='ltr'><strong><em>πόδεσσιν</em></strong></span> <span class='ocrx_word' id='word_1_70' title='bbox 638 807 666 840; x_wconf 91' lang='grc' dir='ltr'><strong><em>Λ</em></strong></span> <span class='ocrx_word' id='word_1_71' title='bbox 688 804 752 840; x_wconf 86' lang='grc'>476</span> <span class='ocrx_word' id='word_1_72' title='bbox 776 808 923 840; x_wconf 87' lang='grc' dir='ltr'><strong><em>πόδεσσιν</em></strong></span> <span class='ocrx_word' id='word_1_73' title='bbox 945 808 1157 849; x_wconf 83' lang='grc' dir='ltr'><strong><em>ἀμφοτέροισι</em></strong></span> <span class='ocrx_word' id='word_1_74' title='bbox 1178 819 1194 838; x_wconf 90' lang='grc' dir='ltr'>ε</span> <span class='ocrx_word' id='word_1_75' title='bbox 1218 807 1283 838; x_wconf 90' lang='grc'>414</span> <span class='ocrx_word' id='word_1_76' title='bbox 1308 806 1397 838; x_wconf 88' lang='grc' dir='ltr'><strong><em>ποσίν</em></strong></span> <span class='ocrx_word' id='word_1_77' title='bbox 1427 804 1453 837; x_wconf 80' lang='grc' dir='ltr'><em>Φ</em></span> <span class='ocrx_word' id='word_1_78' title='bbox 1478 805 1554 844; x_wconf 89' lang='grc'>557,</span> 
     </span>
    </p>

    <p class='ocr_par' dir='ltr' id='par_1_14' title="bbox 301 861 1033 906">
     <span class='ocr_line' id='line_1_15' title="bbox 301 861 1033 906; baseline 0.003 -14"><span class='ocrx_word' id='word_1_79' title='bbox 301 861 420 904; x_wconf 81' lang='grc' dir='ltr'><strong><em>θήγω</em></strong></span> <span class='ocrx_word' id='word_1_80' title='bbox 439 861 523 902; x_wconf 77' lang='grc' dir='ltr'><strong><em>μετὰ</em></strong></span> <span class='ocrx_word' id='word_1_81' title='bbox 546 864 723 906; x_wconf 72' lang='grc' dir='ltr'><strong><em>γναμπτῇσι</em></strong></span> <span class='ocrx_word' id='word_1_82' title='bbox 746 863 885 904; x_wconf 79' lang='grc' dir='ltr'><strong><em>γέννυσιν</em></strong></span> <span class='ocrx_word' id='word_1_83' title='bbox 908 861 935 894; x_wconf 91' lang='grc' dir='ltr'><strong><em>Λ</em></strong></span> <span class='ocrx_word' id='word_1_84' title='bbox 957 863 1033 901; x_wconf 97' lang='grc'>416,</span> 
     </span>
    </p>

    <p class='ocr_par' dir='ltr' id='par_1_15' title="bbox 300 914 710 955">
     <span class='ocr_line' id='line_1_16' title="bbox 300 914 710 955; baseline 0.002 -7"><span class='ocrx_word' id='word_1_85' title='bbox 300 916 442 948; x_wconf 80' lang='grc' dir='ltr'><strong><em>ἀκούω</em></strong></span> <span class='ocrx_word' id='word_1_86' title='bbox 464 914 558 949; x_wconf 83' lang='grc' dir='ltr'><strong><em>οὔασι</em></strong></span> <span class='ocrx_word' id='word_1_87' title='bbox 581 915 617 949; x_wconf 89' lang='lat' dir='ltr'><em>M</em></span> <span class='ocrx_word' id='word_1_88' title='bbox 634 917 710 955; x_wconf 87' lang='lat'>442,</span> 
     </span>
    </p>

    <p class='ocr_par' dir='ltr' id='par_1_16' title="bbox 302 969 1307 1014">
     <span class='ocr_line' id='line_1_17' title="bbox 302 969 1307 1014; baseline -0.001 -12"><span class='ocrx_word' id='word_1_89' title='bbox 302 971 440 1012; x_wconf 87' lang='grc' dir='ltr'><strong><em>γελάω</em></strong></span> <span class='ocrx_word' id='word_1_90' title='bbox 457 970 596 1014; x_wconf 83' lang='grc' dir='ltr'><strong><em>χείλεσιν</em></strong></span> <span class='ocrx_word' id='word_1_91' title='bbox 624 970 649 1002; x_wconf 91' lang='lat'><strong><em>0</em></strong></span> <span class='ocrx_word' id='word_1_92' title='bbox 674 971 734 1004; x_wconf 88' lang='lat'>102</span> <span class='ocrx_word' id='word_1_93' title='bbox 759 972 929 1013; x_wconf 89' lang='grc' dir='ltr'><strong><em>γναθμοῖσι</em></strong></span> <span class='ocrx_word' id='word_1_94' title='bbox 951 970 1166 1013; x_wconf 76' lang='grc' dir='ltr'><strong><em>ἀλλοτρίοισιν</em></strong></span> <span class='ocrx_word' id='word_1_95' title='bbox 1189 982 1208 1001; x_wconf 87' lang='grc' dir='ltr'><strong><em>υ</em></strong></span> <span class='ocrx_word' id='word_1_96' title='bbox 1231 969 1307 1007; x_wconf 88' lang='grc'>347,</span> 
     </span>
    </p>

    <p class='ocr_par' dir='ltr' id='par_1_17' title="bbox 300 1023 1053 1068">
     <span class='ocr_line' id='line_1_18' title="bbox 300 1023 1053 1068; baseline 0 -11"><span class='ocrx_word' id='word_1_97' title='bbox 300 1025 479 1064; x_wconf 87' lang='grc' dir='ltr'><strong><em>μειδιάω</em></strong></span> <span class='ocrx_word' id='word_1_98' title='bbox 500 1024 691 1068; x_wconf 78' lang='grc' dir='ltr'><strong><em>βλοσυροῖσι</em></strong></span> <span class='ocrx_word' id='word_1_99' title='bbox 714 1025 904 1068; x_wconf 77' lang='grc' dir='ltr'><strong><em>προσώπασι</em></strong></span> <span class='ocrx_word' id='word_1_100' title='bbox 928 1023 962 1057; x_wconf 85' lang='lat' dir='ltr'><em>H</em></span> <span class='ocrx_word' id='word_1_101' title='bbox 978 1025 1053 1065; x_wconf 92' lang='lat'>212,</span> 
     </span>
    </p>

    <p class='ocr_par' dir='ltr' id='par_1_18' title="bbox 303 1078 1165 1122">
     <span class='ocr_line' id='line_1_19' title="bbox 303 1078 1165 1122; baseline 0 -11"><span class='ocrx_word' id='word_1_102' title='bbox 303 1080 523 1122; x_wconf 80' lang='grc' dir='ltr'><strong><em>γιγνώσκω</em></strong></span> <span class='ocrx_word' id='word_1_103' title='bbox 547 1079 761 1122; x_wconf 76' lang='grc' dir='ltr'><strong><em>ὀφθαλμοῖσιν</em></strong></span> <span class='ocrx_word' id='word_1_104' title='bbox 783 1093 811 1112; x_wconf 92' lang='grc' dir='ltr'><strong><em>ω</em></strong></span> <span class='ocrx_word' id='word_1_105' title='bbox 834 1080 896 1112; x_wconf 87' lang='grc'>217</span> <span class='ocrx_word' id='word_1_106' title='bbox 921 1080 1019 1113; x_wconf 75' lang='lat' dir='ltr'><strong>aliter</strong></span> <span class='ocrx_word' id='word_1_107' title='bbox 1043 1078 1072 1111; x_wconf 89' lang='grc' dir='ltr'><em>Ε</em></span> <span class='ocrx_word' id='word_1_108' title='bbox 1094 1079 1165 1118; x_wconf 88' lang='grc'>182,</span> 
     </span>
    </p>

    <p class='ocr_par' dir='ltr' id='par_1_19' title="bbox 300 1131 1597 1228">
     <span class='ocr_line' id='line_1_20' title="bbox 300 1131 1597 1176; baseline -0.002 -10"><span class='ocrx_word' id='word_1_109' title='bbox 300 1134 505 1176; x_wconf 85' lang='grc' dir='ltr'><strong><em>δέρκομαι</em></strong></span> <span class='ocrx_word' id='word_1_110' title='bbox 527 1134 727 1176; x_wconf 72' lang='grc' dir='ltr'><strong><em>ὀφθαλμοῖσι</em></strong></span> <span class='ocrx_word' id='word_1_111' title='bbox 748 1146 767 1166; x_wconf 87' lang='grc' dir='ltr'><strong><em>κ</em></strong></span> <span class='ocrx_word' id='word_1_112' title='bbox 791 1134 862 1173; x_wconf 88' lang='grc'>197,</span> <span class='ocrx_word' id='word_1_113' title='bbox 886 1146 906 1166; x_wconf 89' lang='grc' dir='ltr'><em>τ</em></span> <span class='ocrx_word' id='word_1_114' title='bbox 926 1134 1001 1174; x_wconf 89' lang='lat'>446,</span> <span class='ocrx_word' id='word_1_115' title='bbox 1031 1146 1041 1166; x_wconf 90' lang='grc' dir='ltr'>ι</span> <span class='ocrx_word' id='word_1_116' title='bbox 1066 1135 1137 1172; x_wconf 88' lang='grc'>146,</span> <span class='ocrx_word' id='word_1_117' title='bbox 1162 1145 1181 1165; x_wconf 89' lang='grc' dir='ltr'><em>τ</em></span> <span class='ocrx_word' id='word_1_118' title='bbox 1201 1134 1275 1173; x_wconf 86' lang='grc'>476,</span> <span class='ocrx_word' id='word_1_119' title='bbox 1301 1131 1331 1165; x_wconf 88' lang='grc' dir='ltr'><strong><em>Ξ</em></strong></span> <span class='ocrx_word' id='word_1_120' title='bbox 1348 1133 1411 1165; x_wconf 89' lang='grc'>436</span> <span class='ocrx_word' id='word_1_121' title='bbox 1435 1132 1597 1164; x_wconf 74' lang='lat' dir='ltr'><strong>translate</strong></span> 
     </span>
     <span class='ocr_line' id='line_1_21' title="bbox 365 1187 963 1228; baseline 0.002 -8"><span class='ocrx_word' id='word_1_122' title='bbox 365 1188 383 1220; x_wconf 89' lang='grc' dir='ltr'><strong><em>λ</em></strong></span> <span class='ocrx_word' id='word_1_123' title='bbox 409 1188 447 1220; x_wconf 88' lang='lat'>16</span> <span class='ocrx_word' id='word_1_124' title='bbox 471 1189 645 1220; x_wconf 86' lang='grc' dir='ltr'><strong><em>ἀκτινέσσιν</em></strong></span> <span class='ocrx_word' id='word_1_125' title='bbox 668 1187 789 1222; x_wconf 77' lang='lat' dir='ltr'><strong>dicitur</strong></span> <span class='ocrx_word' id='word_1_126' title='bbox 812 1188 852 1221; x_wconf 83' lang='lat' dir='ltr'>de</span> <span class='ocrx_word' id='word_1_127' title='bbox 877 1188 963 1228; x_wconf 87' lang='lat' dir='ltr'>Sole,</span> 
     </span>
    </p>

    <p class='ocr_par' dir='ltr' id='par_1_20' title="bbox 301 1241 1601 1665">
     <span class='ocr_line' id='line_1_22' title="bbox 301 1241 1600 1285; baseline -0.001 -11"><span class='ocrx_word' id='word_1_128' title='bbox 301 1243 416 1285; x_wconf 81' lang='grc' dir='ltr'><strong><em>ὁράω</em></strong></span> <span class='ocrx_word' id='word_1_129' title='bbox 439 1242 656 1284; x_wconf 81' lang='grc' dir='ltr'><strong><em>ὀφθαλμοῖσιν</em></strong></span> <span class='ocrx_word' id='word_1_130' title='bbox 689 1241 720 1275; x_wconf 90' lang='grc' dir='ltr'><em>Γ</em></span> <span class='ocrx_word' id='word_1_131' title='bbox 738 1244 809 1283; x_wconf 89' lang='grc'>169,</span> <span class='ocrx_word' id='word_1_132' title='bbox 843 1241 878 1275; x_wconf 91' lang='lat' dir='ltr'><em>K</em></span> <span class='ocrx_word' id='word_1_133' title='bbox 895 1243 969 1282; x_wconf 88' lang='grc'>275,</span> <span class='ocrx_word' id='word_1_134' title='bbox 1009 1242 1034 1274; x_wconf 87' lang='lat'><em>0</em></span> <span class='ocrx_word' id='word_1_135' title='bbox 1055 1243 1130 1281; x_wconf 87' lang='lat'>488,</span> <span class='ocrx_word' id='word_1_136' title='bbox 1170 1242 1203 1274; x_wconf 85' lang='grc' dir='ltr'><em>Ψ</em></span> <span class='ocrx_word' id='word_1_137' title='bbox 1221 1242 1295 1281; x_wconf 88' lang='grc'>202,</span> <span class='ocrx_word' id='word_1_138' title='bbox 1327 1242 1354 1282; x_wconf 78' lang='grc' dir='ltr'>β</span> <span class='ocrx_word' id='word_1_139' title='bbox 1377 1241 1449 1280; x_wconf 88' lang='grc'>155,</span> <span class='ocrx_word' id='word_1_140' title='bbox 1484 1242 1506 1273; x_wconf 94' lang='grc' dir='ltr'><strong><em>δ</em></strong></span> <span class='ocrx_word' id='word_1_141' title='bbox 1525 1242 1600 1280; x_wconf 88' lang='grc'>269,</span> 
     </span>
     <span class='ocr_line' id='line_1_23' title="bbox 365 1294 1598 1339; baseline -0.002 -10"><span class='ocrx_word' id='word_1_142' title='bbox 365 1309 383 1329; x_wconf 94' lang='grc' dir='ltr'><strong><em>κ</em></strong></span> <span class='ocrx_word' id='word_1_143' title='bbox 405 1297 480 1337; x_wconf 87' lang='grc'>414,</span> <span class='ocrx_word' id='word_1_144' title='bbox 504 1297 526 1332; x_wconf 88' lang='grc' dir='ltr'><strong><em>λ</em></strong></span> <span class='ocrx_word' id='word_1_145' title='bbox 545 1297 619 1338; x_wconf 89' lang='grc'>528,</span> <span class='ocrx_word' id='word_1_146' title='bbox 637 1309 663 1337; x_wconf 87' lang='grc' dir='ltr'><strong><em>μ</em></strong></span> <span class='ocrx_word' id='word_1_147' title='bbox 686 1297 749 1330; x_wconf 91' lang='grc'>258</span> <span class='ocrx_word' id='word_1_148' title='bbox 772 1297 891 1339; x_wconf 83' lang='grc' dir='ltr'><strong><em>(ἐμοῖς)</em></strong></span> <span class='ocrx_word' id='word_1_149' title='bbox 914 1308 933 1330; x_wconf 92' lang='grc' dir='ltr'>ο</span> <span class='ocrx_word' id='word_1_150' title='bbox 955 1297 1030 1337; x_wconf 89' lang='lat'>484,</span> <span class='ocrx_word' id='word_1_151' title='bbox 1054 1309 1077 1329; x_wconf 90' lang='grc' dir='ltr'><strong><em>π</em></strong></span> <span class='ocrx_word' id='word_1_152' title='bbox 1097 1297 1171 1337; x_wconf 89' lang='grc'>470,</span> <span class='ocrx_word' id='word_1_153' title='bbox 1194 1308 1215 1329; x_wconf 87' lang='grc' dir='ltr'><em>τ</em></span> <span class='ocrx_word' id='word_1_154' title='bbox 1235 1296 1309 1337; x_wconf 89' lang='grc'>383,</span> <span class='ocrx_word' id='word_1_155' title='bbox 1335 1294 1365 1328; x_wconf 88' lang='grc' dir='ltr'><em>Ε</em></span> <span class='ocrx_word' id='word_1_156' title='bbox 1376 1296 1450 1335; x_wconf 90' lang='grc'>770,</span> <span class='ocrx_word' id='word_1_157' title='bbox 1476 1294 1505 1327; x_wconf 91' lang='lat' dir='ltr'><em>P</em></span> <span class='ocrx_word' id='word_1_158' title='bbox 1521 1296 1598 1333; x_wconf 89' lang='lat'>466,</span> 
     </span>
     <span class='ocr_line' id='line_1_24' title="bbox 365 1349 1600 1394; baseline -0.001 -10"><span class='ocrx_word' id='word_1_159' title='bbox 365 1351 400 1384; x_wconf 89' lang='lat' dir='ltr'><em>X</em></span> <span class='ocrx_word' id='word_1_160' title='bbox 417 1351 470 1392; x_wconf 87' lang='lat'>25,</span> <span class='ocrx_word' id='word_1_161' title='bbox 498 1350 528 1383; x_wconf 91' lang='grc' dir='ltr'><em>Υ</em></span> <span class='ocrx_word' id='word_1_162' title='bbox 544 1351 617 1390; x_wconf 87' lang='lat'>342,</span> <span class='ocrx_word' id='word_1_163' title='bbox 641 1363 664 1394; x_wconf 89' lang='grc' dir='ltr'><strong><em>γ</em></strong></span> <span class='ocrx_word' id='word_1_164' title='bbox 683 1352 758 1392; x_wconf 87' lang='grc'>373,</span> <span class='ocrx_word' id='word_1_165' title='bbox 782 1352 800 1384; x_wconf 95' lang='grc' dir='ltr'><strong><em>λ</em></strong></span> <span class='ocrx_word' id='word_1_166' title='bbox 823 1351 896 1390; x_wconf 89' lang='grc'>615,</span> <span class='ocrx_word' id='word_1_167' title='bbox 928 1353 954 1392; x_wconf 85' lang='grc' dir='ltr'>ψ</span> <span class='ocrx_word' id='word_1_168' title='bbox 977 1352 1030 1391; x_wconf 88' lang='grc'>92,</span> <span class='ocrx_word' id='word_1_169' title='bbox 1056 1364 1080 1394; x_wconf 89' lang='grc' dir='ltr'><strong><em>ρ</em></strong></span> <span class='ocrx_word' id='word_1_170' title='bbox 1103 1351 1179 1391; x_wconf 91' lang='grc'>511,</span> <span class='ocrx_word' id='word_1_171' title='bbox 1204 1349 1234 1383; x_wconf 88' lang='grc' dir='ltr'><strong><em>Ξ</em></strong></span> <span class='ocrx_word' id='word_1_172' title='bbox 1253 1351 1325 1391; x_wconf 89' lang='grc'>153,</span> <span class='ocrx_word' id='word_1_173' title='bbox 1350 1352 1371 1388; x_wconf 80' lang='grc' dir='ltr'><em>ζ</em></span> <span class='ocrx_word' id='word_1_174' title='bbox 1392 1351 1463 1390; x_wconf 92' lang='grc'>160,</span> <span class='ocrx_word' id='word_1_175' title='bbox 1486 1362 1503 1383; x_wconf 90' lang='grc' dir='ltr'>ε</span> <span class='ocrx_word' id='word_1_176' title='bbox 1525 1349 1600 1388; x_wconf 88' lang='grc'>358,</span> 
     </span>
     <span class='ocr_line' id='line_1_25' title="bbox 369 1404 1601 1445; baseline -0.001 -7"><span class='ocrx_word' id='word_1_177' title='bbox 369 1405 397 1438; x_wconf 83' lang='grc' dir='ltr'>Ω</span> <span class='ocrx_word' id='word_1_178' title='bbox 418 1405 492 1445; x_wconf 89' lang='grc'>555,</span> <span class='ocrx_word' id='word_1_179' title='bbox 516 1418 534 1437; x_wconf 81' lang='grc' dir='ltr'><strong><em>κ</em></strong></span> <span class='ocrx_word' id='word_1_180' title='bbox 556 1406 631 1445; x_wconf 84' lang='grc'>387,</span> <span class='ocrx_word' id='word_1_181' title='bbox 655 1418 678 1438; x_wconf 87' lang='grc' dir='ltr'><strong><em>π</em></strong></span> <span class='ocrx_word' id='word_1_182' title='bbox 699 1407 751 1445; x_wconf 89' lang='grc'>32,</span> <span class='ocrx_word' id='word_1_183' title='bbox 782 1419 800 1438; x_wconf 81' lang='grc' dir='ltr'><strong><em>κ</em></strong></span> <span class='ocrx_word' id='word_1_184' title='bbox 822 1406 897 1445; x_wconf 85' lang='grc'>574,</span> <span class='ocrx_word' id='word_1_185' title='bbox 933 1406 958 1438; x_wconf 86' lang='lat' dir='ltr'><em>O</em></span> <span class='ocrx_word' id='word_1_186' title='bbox 980 1406 1055 1444; x_wconf 88' lang='lat'>600,</span> <span class='ocrx_word' id='word_1_187' title='bbox 1086 1404 1116 1437; x_wconf 85' lang='lat' dir='ltr'><em>P</em></span> <span class='ocrx_word' id='word_1_188' title='bbox 1134 1406 1208 1445; x_wconf 84' lang='lat'>646,</span> <span class='ocrx_word' id='word_1_189' title='bbox 1241 1406 1264 1442; x_wconf 69' lang='grc' dir='ltr'><em>ξ</em></span> <span class='ocrx_word' id='word_1_190' title='bbox 1285 1405 1357 1445; x_wconf 87' lang='grc'>143,</span> <span class='ocrx_word' id='word_1_191' title='bbox 1381 1417 1400 1437; x_wconf 89' lang='lat' dir='ltr'><em>o</em></span> <span class='ocrx_word' id='word_1_192' title='bbox 1424 1406 1477 1445; x_wconf 90' lang='lat'>76,</span> <span class='ocrx_word' id='word_1_193' title='bbox 1502 1404 1532 1437; x_wconf 93' lang='grc' dir='ltr'><em>Γ</em></span> <span class='ocrx_word' id='word_1_194' title='bbox 1548 1405 1601 1443; x_wconf 88' lang='grc'>28,</span> 
     </span>
     <span class='ocr_line' id='line_1_26' title="bbox 366 1458 1600 1501; baseline -0.001 -9"><span class='ocrx_word' id='word_1_195' title='bbox 366 1458 398 1492; x_wconf 94' lang='grc' dir='ltr'><em>Π</em></span> <span class='ocrx_word' id='word_1_196' title='bbox 419 1460 490 1500; x_wconf 89' lang='grc'>182,</span> <span class='ocrx_word' id='word_1_197' title='bbox 514 1471 538 1492; x_wconf 87' lang='grc' dir='ltr'><strong><em>π</em></strong></span> <span class='ocrx_word' id='word_1_198' title='bbox 557 1460 632 1500; x_wconf 91' lang='grc'>477,</span> <span class='ocrx_word' id='word_1_199' title='bbox 655 1461 682 1501; x_wconf 81' lang='grc' dir='ltr'><em>ψ</em></span> <span class='ocrx_word' id='word_1_200' title='bbox 704 1460 778 1499; x_wconf 91' lang='grc'>516,</span> <span class='ocrx_word' id='word_1_201' title='bbox 806 1458 833 1492; x_wconf 91' lang='grc' dir='ltr'><em>Τ</em></span> <span class='ocrx_word' id='word_1_202' title='bbox 852 1460 923 1500; x_wconf 91' lang='grc'>174,</span> <span class='ocrx_word' id='word_1_203' title='bbox 947 1459 984 1492; x_wconf 87' lang='grc' dir='ltr'><em>Χ</em></span> <span class='ocrx_word' id='word_1_204' title='bbox 1001 1460 1075 1500; x_wconf 89' lang='grc'>326,</span> <span class='ocrx_word' id='word_1_205' title='bbox 1111 1459 1140 1491; x_wconf 86' lang='grc' dir='ltr'><em>Ω</em></span> <span class='ocrx_word' id='word_1_206' title='bbox 1162 1460 1237 1500; x_wconf 90' lang='grc'>246,</span> <span class='ocrx_word' id='word_1_207' title='bbox 1269 1460 1343 1499; x_wconf 88' lang='grc'>392,</span> <span class='ocrx_word' id='word_1_208' title='bbox 1375 1471 1398 1501; x_wconf 87' lang='grc' dir='ltr'><strong><em>γ</em></strong></span> <span class='ocrx_word' id='word_1_209' title='bbox 1418 1460 1471 1499; x_wconf 88' lang='grc'>93,</span> <span class='ocrx_word' id='word_1_210' title='bbox 1494 1460 1516 1491; x_wconf 88' lang='grc' dir='ltr'><strong><em>δ</em></strong></span> <span class='ocrx_word' id='word_1_211' title='bbox 1536 1459 1600 1491; x_wconf 83' lang='grc'>323</span> 
     </span>
     <span class='ocr_line' id='line_1_27' title="bbox 363 1512 1601 1557; baseline -0.001 -10"><span class='ocrx_word' id='word_1_212' title='bbox 363 1515 512 1557; x_wconf 83' lang='grc' dir='ltr'><strong><em>(τεοῖσιν)</em></strong></span> <span class='ocrx_word' id='word_1_213' title='bbox 544 1512 577 1546; x_wconf 91' lang='grc' dir='ltr'><em>Ν</em></span> <span class='ocrx_word' id='word_1_214' title='bbox 607 1516 658 1555; x_wconf 90' lang='grc'>99,</span> <span class='ocrx_word' id='word_1_215' title='bbox 698 1515 723 1547; x_wconf 88' lang='lat' dir='ltr'><em>O</em></span> <span class='ocrx_word' id='word_1_216' title='bbox 753 1515 827 1555; x_wconf 88' lang='lat'>286,</span> <span class='ocrx_word' id='word_1_217' title='bbox 867 1513 896 1547; x_wconf 91' lang='grc' dir='ltr'><em>Υ</em></span> <span class='ocrx_word' id='word_1_218' title='bbox 920 1515 995 1553; x_wconf 90' lang='grc'>344,</span> <span class='ocrx_word' id='word_1_219' title='bbox 1035 1513 1062 1546; x_wconf 84' lang='grc' dir='ltr'><em>Φ</em></span> <span class='ocrx_word' id='word_1_220' title='bbox 1090 1514 1142 1553; x_wconf 87' lang='grc'>54,</span> <span class='ocrx_word' id='word_1_221' title='bbox 1178 1513 1213 1547; x_wconf 87' lang='grc' dir='ltr'><em>Χ</em></span> <span class='ocrx_word' id='word_1_222' title='bbox 1242 1515 1315 1554; x_wconf 89' lang='grc'>169,</span> <span class='ocrx_word' id='word_1_223' title='bbox 1349 1526 1369 1547; x_wconf 89' lang='grc' dir='ltr'><em>τ</em></span> <span class='ocrx_word' id='word_1_224' title='bbox 1393 1515 1446 1552; x_wconf 88' lang='grc'>36,</span> <span class='ocrx_word' id='word_1_225' title='bbox 1481 1514 1503 1546; x_wconf 92' lang='grc' dir='ltr'><strong><em>δ</em></strong></span> <span class='ocrx_word' id='word_1_226' title='bbox 1527 1514 1601 1553; x_wconf 90' lang='grc'>226,</span> 
     </span>
     <span class='ocr_line' id='line_1_28' title="bbox 364 1566 1600 1611; baseline -0.002 -9"><span class='ocrx_word' id='word_1_227' title='bbox 364 1581 383 1602; x_wconf 92' lang='grc' dir='ltr'>ο</span> <span class='ocrx_word' id='word_1_228' title='bbox 406 1570 481 1607; x_wconf 91' lang='grc'>462,</span> <span class='ocrx_word' id='word_1_229' title='bbox 505 1569 527 1601; x_wconf 91' lang='grc' dir='ltr'><strong><em>δ</em></strong></span> <span class='ocrx_word' id='word_1_230' title='bbox 547 1569 600 1609; x_wconf 88' lang='lat'>47,</span> <span class='ocrx_word' id='word_1_231' title='bbox 623 1581 641 1601; x_wconf 89' lang='grc' dir='ltr'><strong><em>κ</em></strong></span> <span class='ocrx_word' id='word_1_232' title='bbox 666 1569 738 1607; x_wconf 87' lang='grc'>181,</span> <span class='ocrx_word' id='word_1_233' title='bbox 764 1567 793 1601; x_wconf 89' lang='grc' dir='ltr'><em>Ε</em></span> <span class='ocrx_word' id='word_1_234' title='bbox 813 1569 888 1610; x_wconf 93' lang='grc'>212,</span> <span class='ocrx_word' id='word_1_235' title='bbox 916 1568 944 1601; x_wconf 87' lang='grc' dir='ltr'><strong>Ω</strong></span> <span class='ocrx_word' id='word_1_236' title='bbox 966 1569 1041 1608; x_wconf 91' lang='grc'>206,</span> <span class='ocrx_word' id='word_1_237' title='bbox 1065 1580 1083 1601; x_wconf 87' lang='grc' dir='ltr'><em>υ</em></span> <span class='ocrx_word' id='word_1_238' title='bbox 1107 1569 1170 1602; x_wconf 90' lang='grc'>233</span> <span class='ocrx_word' id='word_1_239' title='bbox 1195 1569 1374 1611; x_wconf 51' lang='lat' dir='ltr'>(ecfatus),</span> <span class='ocrx_word' id='word_1_240' title='bbox 1397 1568 1454 1609; x_wconf 82' lang='grc' dir='ltr'>ὄψι</span> <span class='ocrx_word' id='word_1_241' title='bbox 1481 1566 1510 1600; x_wconf 91' lang='grc' dir='ltr'><em>Υ</em></span> <span class='ocrx_word' id='word_1_242' title='bbox 1527 1568 1600 1606; x_wconf 91' lang='grc'>205,</span> 
     </span>
     <span class='ocr_line' id='line_1_29' title="bbox 363 1625 464 1665; baseline -0.02 0"><span class='ocrx_word' id='word_1_243' title='bbox 363 1626 390 1665; x_wconf 75' lang='grc' dir='ltr'>φ</span> <span class='ocrx_word' id='word_1_244' title='bbox 412 1625 464 1663; x_wconf 69' lang='grc'>94,</span> 
     </span>
    </p>

    <p class='ocr_par' dir='ltr' id='par_1_21' title="bbox 299 1676 1600 1723">
     <span class='ocr_line' id='line_1_30' title="bbox 299 1676 1600 1723; baseline -0.001 -12"><span class='ocrx_word' id='word_1_245' title='bbox 299 1680 398 1712; x_wconf 87' lang='grc' dir='ltr'><strong><em>νοέω</em></strong></span> <span class='ocrx_word' id='word_1_246' title='bbox 433 1679 504 1720; x_wconf 85' lang='lat' dir='ltr'><strong>(cfr.</strong></span> <span class='ocrx_word' id='word_1_247' title='bbox 535 1678 644 1712; x_wconf 82' lang='lat' dir='ltr'><strong>Fulda</strong></span> <span class='ocrx_word' id='word_1_248' title='bbox 673 1688 749 1721; x_wconf 81' lang='lat' dir='ltr'><strong>pag.</strong></span> <span class='ocrx_word' id='word_1_249' title='bbox 783 1679 857 1721; x_wconf 87' lang='lat'>103)</span> <span class='ocrx_word' id='word_1_250' title='bbox 883 1678 1099 1721; x_wconf 83' lang='grc' dir='ltr'><strong><em>ὀφθαλμοῖσιν</em></strong></span> <span class='ocrx_word' id='word_1_251' title='bbox 1131 1678 1155 1711; x_wconf 88' lang='lat' dir='ltr'><em>O</em></span> <span class='ocrx_word' id='word_1_252' title='bbox 1177 1679 1241 1711; x_wconf 88' lang='lat'>422</span> <span class='ocrx_word' id='word_1_253' title='bbox 1264 1678 1379 1722; x_wconf 85' lang='grc' dir='ltr'><strong><em>φρεσὶν</em></strong></span> <span class='ocrx_word' id='word_1_254' title='bbox 1410 1676 1462 1723; x_wconf 80' lang='grc' dir='ltr'>ᾗσι</span> <span class='ocrx_word' id='word_1_255' title='bbox 1490 1690 1514 1710; x_wconf 81' lang='grc' dir='ltr'><strong><em>α</em></strong></span> <span class='ocrx_word' id='word_1_256' title='bbox 1536 1678 1600 1711; x_wconf 89' lang='grc'>322</span> 
     </span>
    </p>
   </div>
   <div class='ocr_carea' id='block_1_4' title="bbox 167 1808 1601 2675">
    <p class='ocr_par' dir='ltr' id='par_1_22' title="bbox 167 1808 1601 2675">
     <span class='ocr_line' id='line_1_31' title="bbox 258 1808 1599 1850; baseline 0.001 -9"><span class='ocrx_word' id='word_1_257' title='bbox 258 1810 283 1849; x_wconf 91' lang='lat'>¹)</span> <span class='ocrx_word' id='word_1_258' title='bbox 305 1809 515 1850; x_wconf 84' lang='lat' dir='ltr'><strong>Praepositio</strong></span> <span class='ocrx_word' id='word_1_259' title='bbox 546 1810 578 1841; x_wconf 84' lang='grc' dir='ltr'><strong><em>ἐν</em></strong></span> <span class='ocrx_word' id='word_1_260' title='bbox 605 1808 733 1843; x_wconf 84' lang='lat' dir='ltr'><strong>accedit</strong></span> <span class='ocrx_word' id='word_1_261' title='bbox 757 1808 782 1842; x_wconf 82' lang='lat' dir='ltr'><em>A</em></span> <span class='ocrx_word' id='word_1_262' title='bbox 806 1810 879 1848; x_wconf 88' lang='grc'>687,</span> <span class='ocrx_word' id='word_1_263' title='bbox 914 1809 944 1842; x_wconf 94' lang='grc' dir='ltr'><em>Γ</em></span> <span class='ocrx_word' id='word_1_264' title='bbox 960 1809 1033 1848; x_wconf 85' lang='grc'>306,</span> <span class='ocrx_word' id='word_1_265' title='bbox 1066 1809 1094 1842; x_wconf 89' lang='grc' dir='ltr'><em>Σ</em></span> <span class='ocrx_word' id='word_1_266' title='bbox 1123 1810 1194 1848; x_wconf 87' lang='grc'>135,</span> <span class='ocrx_word' id='word_1_267' title='bbox 1229 1810 1300 1849; x_wconf 88' lang='grc'>190,</span> <span class='ocrx_word' id='word_1_268' title='bbox 1331 1811 1355 1841; x_wconf 71' lang='grc' dir='ltr'><strong><em>θ</em></strong></span> <span class='ocrx_word' id='word_1_269' title='bbox 1377 1809 1450 1848; x_wconf 88' lang='grc'>459,</span> <span class='ocrx_word' id='word_1_270' title='bbox 1485 1821 1504 1840; x_wconf 94' lang='grc' dir='ltr'><strong><em>κ</em></strong></span> <span class='ocrx_word' id='word_1_271' title='bbox 1526 1809 1599 1848; x_wconf 90' lang='grc'>385,</span> 
     </span>
     <span class='ocr_line' id='line_1_32' title="bbox 168 1852 1599 1895; baseline -0.001 -9"><span class='ocrx_word' id='word_1_272' title='bbox 168 1853 191 1890; x_wconf 73' lang='grc' dir='ltr'><em>ξ</em></span> <span class='ocrx_word' id='word_1_273' title='bbox 211 1853 283 1886; x_wconf 87' lang='grc'>343.</span> <span class='ocrx_word' id='word_1_274' title='bbox 329 1852 428 1885; x_wconf 84' lang='lat' dir='ltr'><strong>Haud</strong></span> <span class='ocrx_word' id='word_1_275' title='bbox 452 1852 606 1895; x_wconf 88' lang='lat' dir='ltr'><strong>displicet</strong></span> <span class='ocrx_word' id='word_1_276' title='bbox 628 1852 723 1886; x_wconf 88' lang='lat' dir='ltr'><strong>nobis</strong></span> <span class='ocrx_word' id='word_1_277' title='bbox 747 1853 835 1895; x_wconf 90' lang='lat' dir='ltr'><strong>quod</strong></span> <span class='ocrx_word' id='word_1_278' title='bbox 858 1853 899 1886; x_wconf 84' lang='lat' dir='ltr'>de</span> <span class='ocrx_word' id='word_1_279' title='bbox 922 1853 984 1886; x_wconf 82' lang='lat' dir='ltr'><strong>hac</strong></span> <span class='ocrx_word' id='word_1_280' title='bbox 1007 1853 1136 1886; x_wconf 83' lang='lat' dir='ltr'><strong>ratione</strong></span> <span class='ocrx_word' id='word_1_281' title='bbox 1156 1853 1288 1886; x_wconf 83' lang='lat' dir='ltr'><strong>dicendi</strong></span> <span class='ocrx_word' id='word_1_282' title='bbox 1304 1852 1421 1886; x_wconf 87' lang='lat' dir='ltr'><strong>attulit</strong></span> <span class='ocrx_word' id='word_1_283' title='bbox 1436 1852 1599 1885; x_wconf 86' lang='lat' dir='ltr'><strong>Ameisius</strong></span> 
     </span>
     <span class='ocr_line' id='line_1_33' title="bbox 169 1896 1598 1939; baseline -0.001 -10"><span class='ocrx_word' id='word_1_284' title='bbox 169 1896 212 1929; x_wconf 84' lang='lat' dir='ltr'><strong>ad</strong></span> <span class='ocrx_word' id='word_1_285' title='bbox 234 1897 259 1928; x_wconf 84' lang='grc' dir='ltr'><strong><em>θ</em></strong></span> <span class='ocrx_word' id='word_1_286' title='bbox 280 1896 362 1935; x_wconf 87' lang='grc'>459;</span> <span class='ocrx_word' id='word_1_287' title='bbox 386 1896 598 1929; x_wconf 86' lang='lat' dir='ltr'><strong>confirmatur</strong></span> <span class='ocrx_word' id='word_1_288' title='bbox 620 1896 690 1939; x_wconf 83' lang='lat' dir='ltr'>ejus</span> <span class='ocrx_word' id='word_1_289' title='bbox 714 1897 881 1929; x_wconf 82' lang='lat' dir='ltr'><strong>sententia</strong></span> <span class='ocrx_word' id='word_1_290' title='bbox 905 1898 958 1936; x_wconf 56' lang='lat' dir='ltr'>„gv</span> <span class='ocrx_word' id='word_1_291' title='bbox 981 1897 1199 1939; x_wconf 86' lang='grc' dir='ltr'><strong><em>ὀφθαλμοῖσι“</em></strong></span> <span class='ocrx_word' id='word_1_292' title='bbox 1229 1907 1300 1929; x_wconf 84' lang='lat' dir='ltr'><strong>esse</strong></span> <span class='ocrx_word' id='word_1_293' title='bbox 1331 1897 1385 1935; x_wconf 84' lang='lat' dir='ltr'><strong>„in</strong></span> <span class='ocrx_word' id='word_1_294' title='bbox 1412 1898 1598 1937; x_wconf 86' lang='lat' dir='ltr'><strong>conspectu,</strong></span> 
     </span>
     <span class='ocr_line' id='line_1_34' title="bbox 169 1939 1600 1982; baseline -0.001 -10"><span class='ocrx_word' id='word_1_295' title='bbox 169 1941 246 1972; x_wconf 86' lang='lat' dir='ltr'><strong>ante</strong></span> <span class='ocrx_word' id='word_1_296' title='bbox 270 1939 402 1972; x_wconf 78' lang='lat' dir='ltr'><strong>oculos“</strong></span> <span class='ocrx_word' id='word_1_297' title='bbox 428 1950 467 1973; x_wconf 84' lang='lat' dir='ltr'><strong>ea</strong></span> <span class='ocrx_word' id='word_1_298' title='bbox 489 1950 533 1979; x_wconf 91' lang='lat' dir='ltr'>re,</span> <span class='ocrx_word' id='word_1_299' title='bbox 559 1940 647 1982; x_wconf 86' lang='lat' dir='ltr'><strong>quod</strong></span> <span class='ocrx_word' id='word_1_300' title='bbox 670 1942 812 1982; x_wconf 82' lang='lat' dir='ltr'><strong>quatuor</strong></span> <span class='ocrx_word' id='word_1_301' title='bbox 835 1940 917 1973; x_wconf 86' lang='lat' dir='ltr'><strong>locis</strong></span> <span class='ocrx_word' id='word_1_302' title='bbox 944 1940 1060 1973; x_wconf 83' lang='lat' dir='ltr'><strong>Iliadis</strong></span> <span class='ocrx_word' id='word_1_303' title='bbox 1085 1940 1110 1973; x_wconf 84' lang='grc' dir='ltr'><em>Α</em></span> <span class='ocrx_word' id='word_1_304' title='bbox 1137 1941 1210 1979; x_wconf 81' lang='grc'>687,</span> <span class='ocrx_word' id='word_1_305' title='bbox 1240 1940 1270 1973; x_wconf 94' lang='grc' dir='ltr'><em>Γ</em></span> <span class='ocrx_word' id='word_1_306' title='bbox 1287 1941 1359 1979; x_wconf 83' lang='grc'>306,</span> <span class='ocrx_word' id='word_1_307' title='bbox 1392 1939 1420 1972; x_wconf 91' lang='grc' dir='ltr'><strong><em>Σ</em></strong></span> <span class='ocrx_word' id='word_1_308' title='bbox 1441 1939 1511 1978; x_wconf 89' lang='grc'>135,</span> <span class='ocrx_word' id='word_1_309' title='bbox 1539 1940 1600 1972; x_wconf 91' lang='grc'>190</span> 
     </span>
     <span class='ocr_line' id='line_1_35' title="bbox 168 1982 1599 2026; baseline -0.001 -10"><span class='ocrx_word' id='word_1_310' title='bbox 168 1982 292 2016; x_wconf 86' lang='lat' dir='ltr'><strong>adsunt</strong></span> <span class='ocrx_word' id='word_1_311' title='bbox 314 1983 500 2025; x_wconf 85' lang='lat' dir='ltr'><strong>participia,</strong></span> <span class='ocrx_word' id='word_1_312' title='bbox 525 1993 608 2025; x_wconf 85' lang='lat' dir='ltr'><strong>quae</strong></span> <span class='ocrx_word' id='word_1_313' title='bbox 631 1986 709 2026; x_wconf 87' lang='lat' dir='ltr'><strong>apte</strong></span> <span class='ocrx_word' id='word_1_314' title='bbox 733 1994 805 2017; x_wconf 92' lang='lat' dir='ltr'>cum</span> <span class='ocrx_word' id='word_1_315' title='bbox 828 1985 861 2016; x_wconf 84' lang='grc' dir='ltr'><strong><em>ἐν</em></strong></span> <span class='ocrx_word' id='word_1_316' title='bbox 884 1984 1071 2026; x_wconf 71' lang='grc' dir='ltr'><strong><em>ὀφθαλμοῖς</em></strong></span> <span class='ocrx_word' id='word_1_317' title='bbox 1091 1984 1267 2026; x_wconf 80' lang='lat' dir='ltr'><strong>conjuncta</strong></span> <span class='ocrx_word' id='word_1_318' title='bbox 1290 1985 1460 2025; x_wconf 77' lang='lat' dir='ltr'><strong>apparent.</strong></span> <span class='ocrx_word' id='word_1_319' title='bbox 1503 1983 1599 2015; x_wconf 86' lang='lat' dir='ltr'><strong>Locis</strong></span> 
     </span>
     <span class='ocr_line' id='line_1_36' title="bbox 173 2025 1598 2072; baseline -0.001 -12"><span class='ocrx_word' id='word_1_320' title='bbox 173 2026 202 2060; x_wconf 82' lang='grc' dir='ltr'><strong>Ω</strong></span> <span class='ocrx_word' id='word_1_321' title='bbox 223 2028 297 2067; x_wconf 92' lang='grc'>294,</span> <span class='ocrx_word' id='word_1_322' title='bbox 321 2027 394 2066; x_wconf 88' lang='grc'>312,</span> <span class='ocrx_word' id='word_1_323' title='bbox 418 2027 475 2061; x_wconf 91' lang='lat' dir='ltr'><strong>ubi</strong></span> <span class='ocrx_word' id='word_1_324' title='bbox 491 2029 600 2061; x_wconf 85' lang='lat' dir='ltr'><strong>exstat</strong></span> <span class='ocrx_word' id='word_1_325' title='bbox 621 2029 654 2060; x_wconf 81' lang='grc' dir='ltr'><strong><em>ἐν</em></strong></span> <span class='ocrx_word' id='word_1_326' title='bbox 677 2028 876 2070; x_wconf 77' lang='grc' dir='ltr'><strong><em>ὀφθαλμοῖσι</em></strong></span> <span class='ocrx_word' id='word_1_327' title='bbox 899 2028 1025 2072; x_wconf 84' lang='grc' dir='ltr'><strong><em>νοήσας,</em></strong></span> <span class='ocrx_word' id='word_1_328' title='bbox 1049 2029 1088 2061; x_wconf 92' lang='lat' dir='ltr'>ut</span> <span class='ocrx_word' id='word_1_329' title='bbox 1109 2028 1207 2066; x_wconf 66' lang='lat'>5343</span> <span class='ocrx_word' id='word_1_330' title='bbox 1222 2038 1300 2061; x_wconf 86' lang='lat' dir='ltr'><strong>usus</strong></span> <span class='ocrx_word' id='word_1_331' title='bbox 1312 2027 1381 2070; x_wconf 89' lang='lat' dir='ltr'><strong>jam</strong></span> <span class='ocrx_word' id='word_1_332' title='bbox 1397 2029 1448 2060; x_wconf 87' lang='lat' dir='ltr'>est</span> <span class='ocrx_word' id='word_1_333' title='bbox 1463 2025 1598 2059; x_wconf 86' lang='lat' dir='ltr'><strong>liberior</strong></span> 
     </span>
     <span class='ocr_line' id='line_1_37' title="bbox 168 2070 1598 2123; baseline 0 -19"><span class='ocrx_word' id='word_1_334' title='bbox 168 2071 344 2123; x_wconf 50' lang='lat' dir='ltr'><strong>pasticipio</strong></span> <span class='ocrx_word' id='word_1_335' title='bbox 368 2082 434 2104; x_wconf 91' lang='lat' dir='ltr'>non</span> <span class='ocrx_word' id='word_1_336' title='bbox 460 2072 645 2123; x_wconf 65' lang='lat' dir='ltr'><strong>accedeute.</strong></span> <span class='ocrx_word' id='word_1_337' title='bbox 691 2072 799 2123; x_wconf 46' lang='lat' dir='ltr'><strong>Aliter·</strong></span> <span class='ocrx_word' id='word_1_338' title='bbox 829 2073 854 2104; x_wconf 71' lang='grc' dir='ltr'><em>ὃ</em></span> <span class='ocrx_word' id='word_1_339' title='bbox 876 2072 940 2106; x_wconf 88' lang='grc'>459</span> <span class='ocrx_word' id='word_1_340' title='bbox 971 2085 990 2105; x_wconf 94' lang='grc' dir='ltr'><strong><em>κ</em></strong></span> <span class='ocrx_word' id='word_1_341' title='bbox 1020 2072 1083 2123; x_wconf 79' lang='grc'>385</span> <span class='ocrx_word' id='word_1_342' title='bbox 1112 2072 1312 2123; x_wconf 72' lang='lat' dir='ltr'><strong>interpretor</strong></span> <span class='ocrx_word' id='word_1_343' title='bbox 1342 2071 1441 2105; x_wconf 83' lang='lat' dir='ltr'><strong>locos.</strong></span> <span class='ocrx_word' id='word_1_344' title='bbox 1487 2070 1598 2122; x_wconf 73' lang='lat' dir='ltr'><strong>Verba</strong></span> 
     </span>
     <span class='ocr_line' id='line_1_38' title="bbox 168 2115 1599 2209; baseline -0.001 -17"><span class='ocrx_word' id='word_1_345' title='bbox 168 2115 1599 2209; x_wconf 41' lang='lat' dir='ltr'>‘fflnqzff033‘2305322355353330‘233122333023353’1121&#39;5353052113&#39;55‘532‘231</span> 
     </span>
     <span class='ocr_line' id='line_1_39' title="bbox 168 2203 1601 2245; baseline 0 -10"><span class='ocrx_word' id='word_1_346' title='bbox 168 2203 215 2236; x_wconf 89' lang='lat' dir='ltr'>Ut</span> <span class='ocrx_word' id='word_1_347' title='bbox 237 2203 342 2245; x_wconf 85' lang='lat' dir='ltr'><strong>igitur</strong></span> <span class='ocrx_word' id='word_1_348' title='bbox 371 2204 417 2240; x_wconf 78' lang='grc' dir='ltr'><strong><em>εἰς</em></strong></span> <span class='ocrx_word' id='word_1_349' title='bbox 441 2203 515 2236; x_wconf 84' lang='grc' dir='ltr'><strong><em>ὦπα</em></strong></span> <span class='ocrx_word' id='word_1_350' title='bbox 544 2204 672 2236; x_wconf 73' lang='grc' dir='ltr'><strong><em>ἰδέσθαι</em></strong></span> <span class='ocrx_word' id='word_1_351' title='bbox 703 2203 722 2236; x_wconf 97' lang='lat' dir='ltr'><em>I</em></span> <span class='ocrx_word' id='word_1_352' title='bbox 748 2204 821 2242; x_wconf 90' lang='lat'>373,</span> <span class='ocrx_word' id='word_1_353' title='bbox 859 2203 883 2236; x_wconf 87' lang='lat'><em>0</em></span> <span class='ocrx_word' id='word_1_354' title='bbox 916 2204 986 2243; x_wconf 88' lang='grc'>147,</span> <span class='ocrx_word' id='word_1_355' title='bbox 1067 2204 1139 2244; x_wconf 88' lang='grc'>405,</span> <span class='ocrx_word' id='word_1_356' title='bbox 1176 2206 1202 2245; x_wconf 79' lang='grc' dir='ltr'><strong><em>φ</em></strong></span> <span class='ocrx_word' id='word_1_357' title='bbox 1232 2204 1293 2237; x_wconf 93' lang='grc'>107</span> <span class='ocrx_word' id='word_1_358' title='bbox 1328 2212 1514 2245; x_wconf 85' lang='lat' dir='ltr'><strong>germamce</strong></span> <span class='ocrx_word' id='word_1_359' title='bbox 1548 2205 1601 2236; x_wconf 87' lang='lat' dir='ltr'>est</span> 
     </span>
     <span class='ocr_line' id='line_1_40' title="bbox 170 2246 1599 2288; baseline 0 -9"><span class='ocrx_word' id='word_1_360' title='bbox 170 2246 384 2284; x_wconf 78' lang='lat' dir='ltr'><strong>„Jemandem</strong></span> <span class='ocrx_word' id='word_1_361' title='bbox 414 2246 476 2279; x_wconf 80' lang='lat' dir='ltr'><strong>in&#39;s</strong></span> <span class='ocrx_word' id='word_1_362' title='bbox 507 2247 635 2280; x_wconf 89' lang='lat' dir='ltr'><strong>Antlitz</strong></span> <span class='ocrx_word' id='word_1_363' title='bbox 666 2248 840 2285; x_wconf 86' lang='lat' dir='ltr'><strong>schauen“‚</strong></span> <span class='ocrx_word' id='word_1_364' title='bbox 872 2247 920 2280; x_wconf 81' lang='lat' dir='ltr'><strong>sic</strong></span> <span class='ocrx_word' id='word_1_365' title='bbox 957 2257 1018 2280; x_wconf 84' lang='lat' dir='ltr'><strong>ean</strong></span> <span class='ocrx_word' id='word_1_366' title='bbox 1043 2257 1094 2280; x_wconf 86' lang='lat' dir='ltr'>em</span> <span class='ocrx_word' id='word_1_367' title='bbox 1123 2248 1188 2281; x_wconf 87' lang='lat' dir='ltr'><strong>vim</strong></span> <span class='ocrx_word' id='word_1_368' title='bbox 1218 2248 1324 2280; x_wconf 82' lang='lat' dir='ltr'><strong>inesse</strong></span> <span class='ocrx_word' id='word_1_369' title='bbox 1354 2249 1436 2288; x_wconf 87' lang='lat' dir='ltr'><strong>puto</strong></span> <span class='ocrx_word' id='word_1_370' title='bbox 1470 2246 1599 2279; x_wconf 88' lang='lat' dir='ltr'><strong>notioni</strong></span> 
     </span>
     <span class='ocr_line' id='line_1_41' title="bbox 167 2289 1597 2332; baseline 0 -10"><span class='ocrx_word' id='word_1_371' title='bbox 167 2291 201 2322; x_wconf 85' lang='grc' dir='ltr'><strong><em>ἐν</em></strong></span> <span class='ocrx_word' id='word_1_372' title='bbox 223 2289 422 2332; x_wconf 82' lang='grc' dir='ltr'><strong><em>ὀφθαλμοῖσι</em></strong></span> <span class='ocrx_word' id='word_1_373' title='bbox 452 2291 574 2323; x_wconf 80' lang='grc' dir='ltr'><strong><em>ῖδέσδαι</em></strong></span> <span class='ocrx_word' id='word_1_374' title='bbox 604 2290 674 2332; x_wconf 85' lang='lat' dir='ltr'><strong>(cfr.</strong></span> <span class='ocrx_word' id='word_1_375' title='bbox 711 2290 740 2323; x_wconf 83' lang='grc' dir='ltr'><em>Ω</em></span> <span class='ocrx_word' id='word_1_376' title='bbox 768 2291 841 2329; x_wconf 88' lang='grc'>204,</span> <span class='ocrx_word' id='word_1_377' title='bbox 873 2291 961 2331; x_wconf 88' lang='grc'>463).</span> <span class='ocrx_word' id='word_1_378' title='bbox 1006 2290 1106 2324; x_wconf 86' lang='lat' dir='ltr'><strong>Valet</strong></span> <span class='ocrx_word' id='word_1_379' title='bbox 1136 2293 1246 2324; x_wconf 88' lang='lat' dir='ltr'><strong>autem</strong></span> <span class='ocrx_word' id='word_1_380' title='bbox 1273 2291 1354 2323; x_wconf 82' lang='lat' dir='ltr'><strong>haec</strong></span> <span class='ocrx_word' id='word_1_381' title='bbox 1384 2290 1597 2329; x_wconf 80' lang='lat' dir='ltr'>constructio,</span> 
     </span>
     <span class='ocr_line' id='line_1_42' title="bbox 169 2333 1598 2378; baseline 0 -11"><span class='ocrx_word' id='word_1_382' title='bbox 169 2334 199 2366; x_wconf 90' lang='lat' dir='ltr'><strong>si</strong></span> <span class='ocrx_word' id='word_1_383' title='bbox 219 2334 281 2367; x_wconf 87' lang='lat' dir='ltr'><strong>illa</strong></span> <span class='ocrx_word' id='word_1_384' title='bbox 302 2333 404 2367; x_wconf 84' lang='lat' dir='ltr'><strong>verba</strong></span> <span class='ocrx_word' id='word_1_385' title='bbox 426 2333 525 2367; x_wconf 87' lang='lat' dir='ltr'><strong>simul</strong></span> <span class='ocrx_word' id='word_1_386' title='bbox 547 2334 828 2377; x_wconf 85' lang='lat' dir='ltr'><strong>tranquillitatem</strong></span> <span class='ocrx_word' id='word_1_387' title='bbox 844 2334 1042 2378; x_wconf 84' lang='lat' dir='ltr'><strong>significant,</strong></span> <span class='ocrx_word' id='word_1_388' title='bbox 1068 2345 1151 2377; x_wconf 81' lang='lat' dir='ltr'><strong>quae</strong></span> <span class='ocrx_word' id='word_1_389' title='bbox 1170 2337 1246 2377; x_wconf 85' lang='lat' dir='ltr'><strong>post</strong></span> <span class='ocrx_word' id='word_1_390' title='bbox 1261 2336 1386 2367; x_wconf 89' lang='lat' dir='ltr'><strong>motum</strong></span> <span class='ocrx_word' id='word_1_391' title='bbox 1402 2333 1598 2374; x_wconf 79' lang='lat' dir='ltr'><strong>intercedit3</strong></span> 
     </span>
     <span class='ocr_line' id='line_1_43' title="bbox 168 2377 1599 2421; baseline 0 -10"><span class='ocrx_word' id='word_1_392' title='bbox 168 2378 225 2411; x_wconf 70' lang='lat' dir='ltr'>cst.</span> <span class='ocrx_word' id='word_1_393' title='bbox 258 2377 490 2420; x_wconf 80' lang='lat' dir='ltr'><strong>Naegelsbach</strong></span> <span class='ocrx_word' id='word_1_394' title='bbox 520 2378 563 2411; x_wconf 87' lang='lat' dir='ltr'><strong>ad</strong></span> <span class='ocrx_word' id='word_1_395' title='bbox 593 2377 618 2411; x_wconf 89' lang='lat' dir='ltr'><em>A</em></span> <span class='ocrx_word' id='word_1_396' title='bbox 642 2379 705 2411; x_wconf 88' lang='grc'>587</span> <span class='ocrx_word' id='word_1_397' title='bbox 737 2379 793 2420; x_wconf 89' lang='lat' dir='ltr'><strong>qui</strong></span> <span class='ocrx_word' id='word_1_398' title='bbox 823 2381 946 2419; x_wconf 84' lang='lat' dir='ltr'>tamen,</span> <span class='ocrx_word' id='word_1_399' title='bbox 976 2378 1065 2421; x_wconf 82' lang='lat' dir='ltr'><strong>quod</strong></span> <span class='ocrx_word' id='word_1_400' title='bbox 1093 2379 1135 2412; x_wconf 86' lang='lat' dir='ltr'><strong>ad</strong></span> <span class='ocrx_word' id='word_1_401' title='bbox 1157 2379 1243 2412; x_wconf 88' lang='lat' dir='ltr'><strong>hunc</strong></span> <span class='ocrx_word' id='word_1_402' title='bbox 1265 2378 1372 2411; x_wconf 85' lang='lat' dir='ltr'><strong>locum</strong></span> <span class='ocrx_word' id='word_1_403' title='bbox 1395 2378 1488 2417; x_wconf 87' lang='lat' dir='ltr'><strong>dixit,</strong></span> <span class='ocrx_word' id='word_1_404' title='bbox 1518 2388 1599 2418; x_wconf 84' lang='lat' dir='ltr'>rem,</span> 
     </span>
     <span class='ocr_line' id='line_1_44' title="bbox 169 2421 1600 2463; baseline 0 -9"><span class='ocrx_word' id='word_1_405' title='bbox 169 2431 253 2463; x_wconf 82' lang='lat' dir='ltr'><strong>quae</strong></span> <span class='ocrx_word' id='word_1_406' title='bbox 278 2423 454 2463; x_wconf 86' lang='lat' dir='ltr'><strong>conspecta</strong></span> <span class='ocrx_word' id='word_1_407' title='bbox 476 2421 530 2461; x_wconf 83' lang='lat' dir='ltr'>sit,</span> <span class='ocrx_word' id='word_1_408' title='bbox 555 2422 589 2454; x_wconf 92' lang='lat' dir='ltr'><strong>in</strong></span> <span class='ocrx_word' id='word_1_409' title='bbox 613 2422 715 2455; x_wconf 84' lang='lat' dir='ltr'><strong>oculis</strong></span> <span class='ocrx_word' id='word_1_410' title='bbox 739 2422 834 2463; x_wconf 80' lang='lat' dir='ltr'><strong>quasi</strong></span> <span class='ocrx_word' id='word_1_411' title='bbox 856 2423 992 2455; x_wconf 85' lang='lat' dir='ltr'><strong>haerere</strong></span> <span class='ocrx_word' id='word_1_412' title='bbox 1016 2423 1146 2461; x_wconf 85' lang='lat' dir='ltr'><strong>erravit,</strong></span> <span class='ocrx_word' id='word_1_413' title='bbox 1178 2423 1276 2455; x_wconf 92' lang='lat' dir='ltr'><strong>immo</strong></span> <span class='ocrx_word' id='word_1_414' title='bbox 1306 2432 1383 2454; x_wconf 86' lang='lat' dir='ltr'><strong>vero</strong></span> <span class='ocrx_word' id='word_1_415' title='bbox 1414 2422 1501 2455; x_wconf 81' lang='lat' dir='ltr'><strong>acies</strong></span> <span class='ocrx_word' id='word_1_416' title='bbox 1524 2432 1600 2455; x_wconf 90' lang='lat' dir='ltr'><strong>con-</strong></span> 
     </span>
     <span class='ocr_line' id='line_1_45' title="bbox 169 2465 1601 2508; baseline 0.001 -10"><span class='ocrx_word' id='word_1_417' title='bbox 169 2465 340 2507; x_wconf 84' lang='lat' dir='ltr'><strong>spicientis</strong></span> <span class='ocrx_word' id='word_1_418' title='bbox 362 2465 397 2498; x_wconf 93' lang='lat' dir='ltr'><strong>in</strong></span> <span class='ocrx_word' id='word_1_419' title='bbox 420 2465 523 2499; x_wconf 83' lang='lat' dir='ltr'><strong>oculis</strong></span> <span class='ocrx_word' id='word_1_420' title='bbox 546 2466 714 2508; x_wconf 83' lang='lat' dir='ltr'><strong>conspecti</strong></span> <span class='ocrx_word' id='word_1_421' title='bbox 746 2466 840 2508; x_wconf 82' lang='lat' dir='ltr'>quasi</span> <span class='ocrx_word' id='word_1_422' title='bbox 871 2466 936 2499; x_wconf 82' lang='lat' dir='ltr'><strong>fixa</strong></span> <span class='ocrx_word' id='word_1_423' title='bbox 967 2468 1027 2499; x_wconf 85' lang='lat' dir='ltr'><strong>est.</strong></span> <span class='ocrx_word' id='word_1_424' title='bbox 1073 2466 1182 2508; x_wconf 80' lang='lat' dir='ltr'><strong>Atque</strong></span> <span class='ocrx_word' id='word_1_425' title='bbox 1211 2465 1357 2508; x_wconf 81' lang='lat' dir='ltr'><strong>perbene</strong></span> <span class='ocrx_word' id='word_1_426' title='bbox 1386 2465 1468 2499; x_wconf 79' lang='lat' dir='ltr'><strong>haec</strong></span> <span class='ocrx_word' id='word_1_427' title='bbox 1497 2466 1601 2499; x_wconf 89' lang='lat' dir='ltr'><strong>inter-</strong></span> 
     </span>
     <span class='ocr_line' id='line_1_46' title="bbox 168 2509 1600 2551; baseline 0.001 -9"><span class='ocrx_word' id='word_1_428' title='bbox 168 2509 313 2551; x_wconf 87' lang='lat' dir='ltr'><strong>pretatio</strong></span> <span class='ocrx_word' id='word_1_429' title='bbox 338 2509 499 2550; x_wconf 81' lang='lat' dir='ltr'><strong>quadrare</strong></span> <span class='ocrx_word' id='word_1_430' title='bbox 522 2509 654 2542; x_wconf 84' lang='lat' dir='ltr'><strong>videtur</strong></span> <span class='ocrx_word' id='word_1_431' title='bbox 677 2510 720 2543; x_wconf 85' lang='lat' dir='ltr'><strong>ad</strong></span> <span class='ocrx_word' id='word_1_432' title='bbox 742 2520 874 2543; x_wconf 85' lang='lat' dir='ltr'><strong>sensum</strong></span> <span class='ocrx_word' id='word_1_433' title='bbox 896 2511 1042 2544; x_wconf 86' lang='lat' dir='ltr'><strong>locorum</strong></span> <span class='ocrx_word' id='word_1_434' title='bbox 1073 2512 1097 2542; x_wconf 69' lang='grc' dir='ltr'><strong><em>θ</em></strong></span> <span class='ocrx_word' id='word_1_435' title='bbox 1118 2511 1192 2550; x_wconf 88' lang='grc'>459,</span> <span class='ocrx_word' id='word_1_436' title='bbox 1224 2522 1242 2542; x_wconf 94' lang='grc' dir='ltr'><strong><em>κ</em></strong></span> <span class='ocrx_word' id='word_1_437' title='bbox 1265 2510 1338 2549; x_wconf 84' lang='grc'>385,</span> <span class='ocrx_word' id='word_1_438' title='bbox 1371 2520 1471 2551; x_wconf 88' lang='lat' dir='ltr'><strong>quum</strong></span> <span class='ocrx_word' id='word_1_439' title='bbox 1502 2511 1600 2550; x_wconf 90' lang='lat' dir='ltr'>enim,</span> 
     </span>
     <span class='ocr_line' id='line_1_47' title="bbox 168 2552 1601 2596; baseline 0.001 -11"><span class='ocrx_word' id='word_1_440' title='bbox 168 2553 198 2585; x_wconf 87' lang='lat' dir='ltr'><strong>si</strong></span> <span class='ocrx_word' id='word_1_441' title='bbox 221 2553 293 2594; x_wconf 87' lang='lat' dir='ltr'><strong>qm&#39;s</strong></span> <span class='ocrx_word' id='word_1_442' title='bbox 317 2552 499 2586; x_wconf 76' lang='lat' dir='ltr'><strong>admiratur</strong></span> <span class='ocrx_word' id='word_1_443' title='bbox 530 2553 674 2595; x_wconf 89' lang='lat' dir='ltr'><strong>aliquem</strong></span> <span class='ocrx_word' id='word_1_444' title='bbox 705 2555 764 2586; x_wconf 82' lang='lat' dir='ltr'><strong>aut</strong></span> <span class='ocrx_word' id='word_1_445' title='bbox 794 2554 956 2596; x_wconf 80' lang='lat' dir='ltr'><strong>conspicit</strong></span> <span class='ocrx_word' id='word_1_446' title='bbox 984 2554 1103 2586; x_wconf 87' lang='lat' dir='ltr'><strong>iterum</strong></span> <span class='ocrx_word' id='word_1_447' title='bbox 1133 2555 1210 2595; x_wconf 80' lang='lat' dir='ltr'><strong>post</strong></span> <span class='ocrx_word' id='word_1_448' title='bbox 1242 2553 1444 2593; x_wconf 75' lang='lat' dir='ltr'><strong>absentiam,</strong></span> <span class='ocrx_word' id='word_1_449' title='bbox 1480 2554 1538 2586; x_wconf 86' lang='lat' dir='ltr'><strong>diu</strong></span> <span class='ocrx_word' id='word_1_450' title='bbox 1566 2554 1601 2587; x_wconf 91' lang='lat' dir='ltr'><strong>in</strong></span> 
     </span>
     <span class='ocr_line' id='line_1_48' title="bbox 168 2595 1601 2675; baseline 0.002 -44"><span class='ocrx_word' id='word_1_451' title='bbox 168 2596 272 2675; x_wconf 42' lang='lat' dir='ltr'><strong>aculis</strong></span> <span class='ocrx_word' id='word_1_452' title='bbox 289 2595 368 2675; x_wconf 47' lang='lat' dir='ltr'>{jus</span> <span class='ocrx_word' id='word_1_453' title='bbox 399 2596 494 2674; x_wconf 51' lang='grc' dir='ltr'>(1ιῖἰωί</span> <span class='ocrx_word' id='word_1_454' title='bbox 523 2596 659 2632; x_wconf 81' lang='lat' dir='ltr'><strong>haerere</strong></span> <span class='ocrx_word' id='word_1_455' title='bbox 691 2596 852 2632; x_wconf 75' lang='lat' dir='ltr'><strong>videatur.</strong></span> <span class='ocrx_word' id='word_1_456' title='bbox 898 2597 968 2631; x_wconf 88' lang='lat' dir='ltr'>Nos</span> <span class='ocrx_word' id='word_1_457' title='bbox 999 2597 1136 2632; x_wconf 84' lang='lat' dir='ltr'><strong>dicimus</strong></span> <span class='ocrx_word' id='word_1_458' title='bbox 1169 2597 1259 2637; x_wconf 85' lang='lat' dir='ltr'><strong>„sich</strong></span> <span class='ocrx_word' id='word_1_459' title='bbox 1288 2607 1330 2631; x_wconf 85' lang='lat' dir='ltr'><strong>an</strong></span> <span class='ocrx_word' id='word_1_460' title='bbox 1360 2597 1435 2632; x_wconf 82' lang='lat' dir='ltr'>dem</span> <span class='ocrx_word' id='word_1_461' title='bbox 1458 2597 1601 2634; x_wconf 81' lang='lat' dir='ltr'><strong>Anblick</strong></span> 
     </span>
     <span class='ocr_line' id='line_1_49' title="bbox 193 2645 607 2675; baseline 0 0"><span class='ocrx_word' id='word_1_462' title='bbox 193 2651 287 2675; x_wconf 83' lang='lat' dir='ltr'><strong>eman</strong></span> <span class='ocrx_word' id='word_1_463' title='bbox 312 2651 346 2675; x_wconf 86' lang='lat' dir='ltr'>es</span> <span class='ocrx_word' id='word_1_464' title='bbox 369 2651 431 2675; x_wconf 78' lang='lat' dir='ltr'>wel</span> <span class='ocrx_word' id='word_1_465' title='bbox 455 2645 525 2675; x_wconf 81' lang='lat' dir='ltr'><strong>en.“</strong></span> <span class='ocrx_word' id='word_1_466' title='bbox 603 2647 607 2650; x_wconf 80' lang='grc'><strong>”</strong></span> 
     </span>
    </p>
   </div>
  </div>
 </body>
</html>
