1824 2889
905 89 956 126 26

340 206 392 238 καὶ
423 208 476 239 τὸν
496 208 555 246 μὲν
574 207 659 246 μετὰ
678 207 791 250 χερσὶν
814 206 977 250 ἐρύσσατο
1006 205 1126 248 Φοῖβος
1147 206 1301 241 Ἀπόλλων

341 261 459 305 κυανέῃ
482 261 612 306 νεφέλῃ,

208 339 273 378 ubi
301 339 614 390 praepositionem
642 340 816 379 adhibuit
850 341 960 390 poeta
995 340 1043 379 ad
1081 352 1161 379 rem
1199 341 1334 380 clarius
1371 339 1647 386 illustrandam,
1689 377 1692 381 .

200 402 397 455 'significat
428 404 527 444 enim
569 405 661 444 haec
702 405 826 456 ipsum
864 417 1043 444 manuum
1081 406 1239 445 tactum.
1305 405 1460 456 Saepius
1495 406 1649 455 apparet

207 470 378 519 proprius
407 470 705 509 instrumentalis
733 472 772 509 et
801 482 887 509 cum
916 471 1134 510 societatem
1162 471 1395 521 significante
1423 471 1462 509 et
1490 482 1578 509 cum
1605 481 1647 509 eo

207 534 444 574 modum'ac
481 535 676 582 rationem,
706 536 750 575 ut
781 535 817 573 E
840 536 918 575 893
954 535 976 572 Ι
1000 537 1078 576 620
1109 535 1140 573 Λ
1172 536 1262 575 725.

319 610 416 650 Sunt
434 611 589 650 Homeri
608 612 777 650 nonnulli
805 612 888 657 loci,
919 612 1054 661 quibus
1076 612 1313 651 inveniuntur
1330 611 1647 658 instrumentales,

208 675 404 726 praecipue
433 676 582 727 proprii,
613 677 696 716 tum
724 676 879 716 modum
898 676 1150 732 significante-s
1169 677 1245 725 alii,
1276 677 1340 727 qui
1358 676 1522 716 multum
1541 688 1648 727 prae-

209 741 299 781 bent
328 742 586 782 similitudinis
615 754 702 781 cum
730 743 955 790 accusativo,
985 754 1096 793 quem
1115 755 1181 782 nos
1211 743 1387 790 dicimus,
1421 741 1648 790 „Accusativ

209 806 272 846 des
302 807 508 855 Inhaltes“,
539 820 613 858 qua
642 808 687 847 de
715 820 754 847 re
783 808 971 848 interdum
1000 808 1078 859 ejus
1106 808 1186 848 vice
1213 809 1431 860 funguntur.
1443 808 1469 859 ¹)
1525 807 1648 848 Semel

208 872 322 911 ctiam
350 873 660 921 instrumentalis,
691 886 802 923 quem
824 874 918 925 jam'
935 873 1103 913 dicamus
1136 875 1396 925 respectivum,
1427 885 1647 923 componen-

207 937 277 976 dus
306 939 364 976 est
393 950 479 977 cum
507 938 721 978 accusativo
750 939 917 990 ejusdem
946 938 1226 989 significationis
1260 939 1283 976 Ι
1308 941 1396 986 161,
1427 939 1523 978 unde
1552 939 1647 978 alter

207 1002 340 1042 horum
376 1015 531 1043 casuum
566 1016 631 1054 pro
671 1005 789 1044 altero
827 1004 1123 1055 frequentissime
1152 1004 1361 1044 adhibetur.
1418 1004 1507 1044 Loci
1536 1016 1647 1054 supra

208 1069 488 1108 commemorati
517 1071 624 1109 sunt:

338 1159 367 1192 B
388 1161 451 1193 264
482 1162 653 1205 πεπληγὼς
673 1163 829 1194 ἀεικέσσιν
854 1161 1008 1205 πληγῇσιν
1033 1160 1058 1193 Λ
1084 1161 1146 1194 657
1168 1161 1296 1201 βέλεσιν
1327 1161 1508 1204 βεβλήαται
1538 1172 1560 1192 π
1582 1161 1644 1193 277

335 1216 483 1255 βάλλωσι
514 1216 532 1248 λ
555 1216 597 1248 35
632 1217 752 1260 λιτῇσιν
774 1217 946 1259 ἐλλισάμην
978 1216 1001 1247 19
1036 1216 1096 1248 188
1127 1216 1185 1258 οἴῳ
1219 1216 1352 1258 (δίσκῳ)
1384 1216 1526 1247 ἐδίσκεον
1549 1228 1558 1246 ι
1581 1215 1644 1247 415

339 1271 460 1301 ὠδίνων
496 1270 642 1314 ὀδύνῃσιν
674 1269 708 1303 K
725 1271 789 1304 443
814 1272 970 1314 δήσαντες
991 1270 1076 1314 νηλέι
1100 1271 1211 1313 δεσμῷ
1237 1282 1263 1313 χ
1288 1270 1348 1302 189
1385 1270 1456 1302 δέον
1487 1270 1646 1312 θυμαλγέι

339 1325 450 1367 δεσμῷ
475 1324 545 1365 (cfr.
571 1325 673 1357 etiam
693 1338 718 1365 μ
744 1326 813 1363 160,
850 1336 867 1358 0
892 1325 964 1363 232,
1000 1325 1073 1363 444,
1111 1323 1140 1356 E
1159 1325 1232 1362 386,
1265 1337 1290 1364 μ
1313 1325 1364 1363 54,
1400 1325 1474 1364 196)
1499 1322 1534 1356 K
1553 1325 1593 1356 77
1618 1322 1648 1368 ᾦ

339 1379 514 1421 (ζωστῆρι)
538 1378 673 1416 ζώννυθ’
696 1381 732 1412 at
756 1378 787 1411 Ξ
806 1380 863 1412 181
890 1380 1016 1416 ζώσατο
1040 1379 1150 1422 ζώνην,
1177 1379 1194 1410 λ
1217 1379 1291 1411 412.

317 1463 403 1501 Non
431 1462 504 1500 huc
532 1463 689 1512 spectat,
720 1462 818 1512 quod
847 1462 980 1501 attulit
1006 1462 1042 1501 J.
1073 1462 1129 1500 La
1155 1462 1281 1501 Roche
1291 1461 1323 1512 2)
1347 1462 1452 1514 μάχῃ
1473 1464 1645 1506 νικῶντες,

206 1527 266 1565 vix
301 1526 400 1565 enim
439 1527 626 1577 objectum
664 1527 836 1578 conjungi
874 1527 998 1577 potest
1034 1528 1160 1580 μάχην
1196 1538 1282 1565 cum
1320 1529 1492 1571 νικῶντες,
1530 1538 1647 1576 (11111111

203 1593 305 1645 μάχη
335 1593 373 1631 et
397 1592 477 1645 νίκη
506 1592 544 1631 111
572 1593 727 1631 Homeri
766 1593 992 1631 carminibus
1028 1592 1129 1631 haud
1164 1592 1272 1630 facile
1310 1591 1469 1630 invicem
1504 1592 1573 1630 tali
1607 1592 1646 1630 in

208 1657 463 1707 conjunctione
504 1657 627 1707 posita
669 1657 883 1703 videantur3
928 1657 1051 1696 minus
1088 1657 1132 1696 de
1170 1656 1261 1696 locis
1299 1656 1547 1696 dubitandum
1582 1656 1644 1703 sit,

207 1735 298 1773 (11108
336 1723 548 1763 attulimus.
611 1723 709 1763 Loco
746 1724 873 1763 autem
916 1723 938 1760 Ι
973 1725 1046 1763 161
1085 1723 1382 1776 instrumentalis
1419 1714 1646 1773 respectivus

206 1788 397 1827 adhibitus
426 1781 487 1828 est*
511 1789 774 1836 verisimiliter,
804 1801 849 1827 116
879 1789 1100 1828 concurrant
1128 1788 1200 1827 duo
1233 1788 1437 1827 accusativi
1465 1788 1574 1826 ὅσσον
1608 1789 1646 1826 et

207 1854 346 1907 γενεήν,
377 1846 442 1904 (1111
469 1866 558 1905 prae
586 1855 625 1894 vi
652 1866 787 1904 parum
814 1855 912 1894 inter
940 1866 978 1893 86
1007 1854 1161 1893 distant.

315 1930 404 1970 Alia
431 1943 526 1981 quae
555 1931 692 1970 similia
719 1931 795 1970 illis
824 1931 1031 1970 invenimus
1059 1930 1236 1981 exemplis
1265 1930 1391 1969 allatis
1421 1942 1507 1969 cum
1535 1941 1645 1969 accu-

206 1996 325 2035 sativo
355 1997 606 2047 componenda
634 2009 706 2036 non
735 1998 833 2044 sunt,
865 1996 963 2047 quod
996 1997 1108 2036 verbo
1144 1995 1309 2047 ejusdem
1347 1995 1474 2046 stirpis
1512 2007 1645 2034 nomen

205 2062 486 2102 substantivum
514 2062 602 2101 addi
630 2073 737 2112 posse
774 2062 833 2101 vix
863 2062 1037 2101 credibile
1073 2063 1141 2101 est.
1198 2062 1378 2111 Exempla
1411 2062 1500 2100 sunt
1534 2061 1643 2100 haec:

341 2147 364 2180 11
391 2149 455 2180 640
479 2152 534 2190 κνῆ
559 2149 666 2191 κνήστι
700 2160 725 2189 φ
749 2149 809 2180 241
837 2148 985 2191 κληίσσαι
1013 2148 1115 2191 κληῖδι
1146 2149 1163 2179 λ
1188 2148 1229 2181 78
1252 2149 1381 2190 ἐρετμῷ
1402 2148 1482 2190 (τῷ)
1506 2147 1643 2190 ἔρεσσον

340 2201 364 2234 Α
389 2202 463 2240 435,
493 2214 511 2234 ο
535 2203 598 2235 497
624 2204 823 2245 προέρεσσαν
846 2204 992 2245 ἐρετμοῖς
1023 2215 1033 2234 ι
1055 2202 1119 2235 385
1143 2205 1257 2246 τρυπῷ
1278 2203 1427 2245 τρυπάνῳ
1459 2203 1486 2242 ψ
1510 2202 1571 2235 189
1598 2203 1643 2234 τέ-

344 2269 444 2301 τρηνα
468 2258 621 2301 τερέτρῳ.

316 2335 577 2374 Dubitandum
606 2335 677 2374 erit
710 2335 754 2373 de
802 2335 829 2372 Θ
859 2337 934 2374 237
973 2333 1053 2389 τῇδ’
1090 2334 1159 2388 ἄτῃ
1195 2334 1317 2380 ἄασας
1347 2335 1498 2385 propter
1534 2334 1644 2374 attri-

208 2401 344 2441 butum
384 2399 483 2453 τῇδ’;
521 2401 677 2440 fortasse
716 2400 844 2440 eodem
879 2401 989 2440 modo
1018 2400 1278 2451 explicandum
1314 2401 1372 2440 est
1413 2401 1457 2439 ut
1494 2401 1513 2438 λ
1551 2402 1642 2448 412,

297 2555 320 2594 ¹)
352 2552 417 2587 Cfr.
451 2563 534 2595 quae
567 2553 797 2586 annotavimus
829 2553 916 2585 infra
946 2553 1007 2585 sub
1041 2563 1119 2586 voce
1150 2546 1281 2592 ζώννυμι
1315 2554 1349 2585 et
1379 2552 1409 2585 J.
1446 2552 1494 2585 La.
1530 2553 1641 2585 Roche

208 2598 296 2636 „Der
319 2596 497 2629 Accusativ
519 2597 565 2629 im
588 2597 730 2630 Homeru
756 2607 832 2639 pag.
858 2598 908 2629 25.

295 2642 322 2683 ²)
346 2641 378 2674 J.
402 2640 452 2675 La
475 2640 587 2675 Roche
612 2651 640 2675 a.
665 2641 686 2674 1.
712 2651 788 2684 pag.
813 2641 864 2674 30.
