1824 2889
931 70 953 105 7

226 187 340 241 εὐρὺν
386 187 496 225 ἱκάνει
536 184 636 239 ὀξείῃ
673 187 831 238 κορυφῇ.
908 185 994 225 Non
1045 184 1084 224 in
1133 187 1353 235 capessendo
1402 185 1662 233 instrumento,

226 253 292 294 sed
328 252 367 291 111
404 263 464 300 eo,
508 251 607 301 quod
643 251 828 301 particeps
865 253 923 290 est
958 251 1115 290 actionis
1154 251 1310 301 subjecti
1346 251 1404 291 vis
1441 251 1565 302 posita
1603 251 1662 290 est

224 316 522 359 instrumentalis
546 317 585 356 et
602 316 664 356 hic
682 315 815 356 modus
835 316 1032 356 societatis.
1076 315 1219 355 Eadem
1237 316 1352 356 etiam
1370 317 1489 357 Pottii
1510 316 1659 356 videtur

228 383 411 424 sententia
419 383 446 433 ¹)
459 412 468 430 .,
509 393 623 432 quam
650 382 751 421 haud
765 382 857 432 -jure
885 372 1018 421 attulit
1046 381 1271 429 Gerlandus,
1311 383 1355 422 ut
1391 394 1499 421 suam
1528 382 1661 421 confir-

226 450 351 490 maret
379 447 597 499 opinionem.
656 446 891 498 Quamquam
918 446 1017 486 enim
1044 446 1083 486 in
1112 446 1299 497 exemplis,
1329 447 1463 498 quibus
1491 459 1581 487 usus
1603 448 1662 487 est

228 515 399 561 Pondus,
439 514 543 552 locus
581 513 694 552 simul
731 513 965 564 significatur
1002 513 1212 561 societatis,
1251 513 1348 552 inter
1385 513 1661 565 duodetriginta

227 580 339 627 locos,
368 578 434 618 ubi
462 578 610 617 dativus
647 577 747 617 vocis
776 577 863 632 χεῲ
900 589 987 617 011111
1023 578 1134 617 verbo
1173 578 1290 630 αἱρέω
1327 578 1427 628 apud
1453 578 1660 618 Homerum

224 644 419 691 invenitur,
448 643 520 683 duo
540 644 691 683 tantum
709 643 944 683 intercedunt
964 655 1049 683 cum
1067 643 1336 693 praepositione
1356 643 1395 682 ἐν
1415 644 1453 683 et
1472 643 1658 694 Odysseae

223 709 384 761 quidem,
414 709 513 760 quod
534 709 616 760 jam
643 709 809 748 omnium
837 720 1015 749 consensu
1043 709 1238 748 recentiori
1267 708 1378 748 datur
1405 709 1523 748 aetati
1542 721 1657 759 quam

222 776 313 815 Ilias
342 787 502 815 carmen.
560 775 691 825 Neque
719 775 872 829 δέχομαι
899 775 970 814 1130
997 775 1036 814 111
1069 774 1323 826 conjunctione
1361 786 1522 825 usquam
1560 775 1659 826 apud

222 841 431 891 Homerum
459 840 498 879 ἐν
527 852 654 880 secum
681 841 794 880 habet
821 840 1141 891 praepositionem.
1186 839 1360 880 Ceterum
1374 842 1516 891 poetae
1534 841 1657 880 multa

223 907 428 955 licuerunt,
468 918 582 957 quare
619 906 666 946 ad
695 906 963 958 depingendam
991 918 1070 946 rem
1098 906 1165 946 aut
1192 907 1342 957 propter
1369 906 1481 946 metri
1510 906 1656 946 concin-

222 972 382 1011 nitatem
409 971 555 1021 saepius
592 983 678 1010 eum
715 972 832 1010 alium
868 972 1024 1010 fortasse
1061 983 1172 1010 usum
1211 971 1434 1010 credendum
1472 972 1530 1010 est
1567 983 1656 1011 con-

223 1036 436 1084 servavisse,
467 1048 581 1087 quam
608 1036 672 1087 qui
700 1037 797 1076 esset
823 1036 862 1076 in
888 1036 1154 1078 consuetudine
1172 1036 1376 1076 hominum.
1427 1035 1657 1077 Gerlandum

222 1103 255 1142 si
282 1102 388 1152 sequi
414 1102 573 1141 velimus
602 1113 673 1151 quo
702 1102 810 1141 modo
838 1102 1103 1152 intellegamus
1132 1103 1171 1140 et
1199 1095 1305 1140 casus
1335 1102 1496 1141 localem
1532 1104 1571 1141 et
1598 1103 1656 1148 in—

224 1168 509 1208 strumentalem
537 1179 602 1218 per
630 1179 668 1207 se
696 1167 795 1218 ipsos
817 1167 926 1218 juxta
953 1167 1066 1207 simul
1094 1167 1222 1207 adesse
1246 1166 1284 1206 111
1303 1167 1442 1219 linguis
1462 1166 1657 1207 Slavorum

223 1235 261 1273 et
279 1233 624 1286 Palaeo-Indorum‚
656 1233 874 1273 confitemur
901 1245 967 1273 nos
995 1234 1104 1284 plane
1132 1233 1319 1285 nescire.²)
1375 1233 1502 1273 Habet
1529 1235 1656 1274 autem

221 1311 329 1340 suam
365 1299 482 1350 ipsius
516 1299 733 1340 naturalem
772 1299 850 1338 vim
892 1299 1080 1339 societatis
1114 1299 1410 1339 instrumentalis
1452 1311 1568 1350 aeque
1610 1311 1653 1340 30

221 1364 349 1404 localis
377 1364 426 1403 ad
454 1364 738 1415 significandum
756 1365 882 1404 10011111
901 1366 939 1404 et
966 1366 1115 1415 tempus
1143 1365 1351 1404 adhibetur.
1401 1365 1533 1415 Neque
1553 1365 1655 1415 prin—

222 1429 389 1480 cipalem·
414 1429 521 1468 illam
558 1429 655 1477 vim,
698 1441 813 1480 quam
851 1429 1058 1470 Gerlandus
1095 1429 1212 1469 tribui
1252 1430 1337 1470 vult
1373 1430 1656 1470 instrumentali

220 1496 415 1545 tamquam
442 1495 572 1534 localis
600 1495 788 1535 societatis
816 1496 963 1546 praeter
991 1494 1277 1540 Schweitzerum
1287 1495 1330 1546 ³),
1361 1507 1472 1546 quem
1500 1497 1652 1536 secutus

221 1561 279 1600 est
305 1560 506 1608 auctorem,
537 1572 762 1610 quemquam
789 1561 855 1611 qui
881 1561 989 1611 putet
1017 1560 1138 1600 adhuc
1167 1560 1299 1609 inveni,
1329 1561 1444 1601 immo
1473 1573 1546 1601 uno
1566 1573 1653 1601 con-

221 1638 329 1667 sensu
357 1641 380 1668 a
407 1629 496 1669 viris
525 1628 655 1677 doctis,
685 1628 749 1680 qui
776 1628 863 1669 huic
890 1628 945 1668 rei
972 1639 1122 1680 operam
1151 1627 1344 1676 dederunt,
1375 1639 1418 1668 ea
1452 1628 1654 1668 comitatus

220 1693 260 1732 et
300 1695 488 1736 societatis
523 1695 703 1735 naturalis
740 1694 796 1734 vis
834 1694 1128 1735 instrumentalis
1167 1694 1342 1734 definitur
1354 1694 1404 1746 4),
1448 1705 1567 1745 neque
1608 1694 1655 1735 de

219 1758 299 1800 loco
328 1761 394 1801 aut
422 1762 587 1812 tempore
615 1761 803 1813 cogitant„
827 1772 922 1812 quae
950 1773 1066 1812 quum
1094 1760 1295 1809 accedunt,
1334 1760 1493 1800 invicem
1530 1761 1570 1801 et
1597 1761 1653 1801 111-

219 1826 476 1866 strumentalis
504 1828 543 1867 et
571 1827 701 1866 localis
728 1827 986 1867 inveniuntur:
1016 1827 1079 1866 hic
1106 1826 1204 1866 enim
1233 1838 1398 1878 campus,
1427 1826 1466 1866 in
1490 1838 1563 1877 quo
1582 1827 1654 1866 sibi

218 1893 427 1932 occurrunt.

328 1957 564 2008 Quamquam
592 1970 701 2009 aegre
730 1958 899 1998 tulerunt
925 1958 996 1997 viri
1024 1957 1172 2006 eruditi,
1202 1957 1301 2009 quod
1330 1958 1481 1998 confusa
1509 1959 1565 1997 est
1592 1970 1653 1997 ars

217 2022 468 2073 philosophiae
497 2035 583 2063 cum
611 2024 867 2074 grammatica,
897 2023 1116 2073 praesertim
1144 2035 1262 2073 quum
1290 2023 1385 2064 Ged.
1414 2024 1650 2063 Hermannu-

217 2086 349 2126 Kantii
368 2088 523 2127 conatus
542 2089 639 2127 esset
657 2089 853 2138 praecepta
880 2088 914 2127 ei
941 2088 1233 2136 accommodare,
1263 2089 1390 2128 tamen
1416 2089 1513 2128 illud
1531 2089 1651 2139 respis

217 2152 399 2193 cientibus
427 2153 525 2204 quod
554 2153 730 2202 debemus
757 2153 796 2193 111
824 2154 903 2194 arte
923 2153 1170 2206 grammatica
1189 2152 1324 2194 studiis
1342 2154 1648 2205 philosophorum

307 2274 330 2313 ¹)
352 2272 436 2306 Pott
449 2272 591 2316 Etymol.
609 2273 812 2316 Forschnng.
831 2273 860 2307 2.
874 2272 976 2316 Ausg.
989 2283 1066 2317 pag.
1080 2273 1122 2307 25
1136 2286 1143 2307 :
1170 2272 1283 2312 „Auch
1298 2273 1359 2307 hat
1371 2272 1429 2307 der
1441 2270 1650 2317 'griechische

216 2315 319 2349 Dativ
334 2316 610 2351 instrumentalen
626 2318 717 2357 Sinn,
741 2318 803 2351 wie
820 2318 906 2362 χειρὶ
928 2318 1021 2357 ἑλών,
1044 2318 1160 2356 δέξατο
1171 2319 1279 2362 χερσί,
1302 2318 1444 2351 welches
1464 2318 1647 2361 eigentlich

217 2358 281 2392 den
303 2360 463 2403 Vorgang
484 2361 677 2395 bezeichnet
700 2362 750 2394 als
773 2362 846 2394 eine
868 2362 1051 2405 Handlung
1073 2362 1108 2395 in
1135 2362 1193 2395 der
1216 2362 1331 2401 Hand,
1364 2362 1418 2394 die
1451 2362 1521 2395 also
1551 2362 1648 2395 noth—

216 2403 350 2446 wendig
372 2404 470 2437 dabei
492 2405 673 2448 betheiligt
694 2406 766 2439 sein
787 2410 908 2439 muss.“

303 2449 329 2489 ²)
353 2448 409 2481 cir.
435 2449 535 2482 etiam
558 2449 595 2482 L.
618 2450 731 2492 Meyer
755 2449 836 2483 Ged.
860 2449 972 2493 Vergl.
997 2460 1074 2493 pag.
1098 2451 1150 2483 40.

216 2533 235 2566 3
270 2494 332 2567 HR
353 2492 550 2570 Schwesstzgr
573 2494 608 2525 111
630 2494 768 2526 Hoefers
791 2494 983 2527 Zeitschrift
1013 2494 1066 2527 fiir
1097 2493 1454 2535 Sprachwissenschaft
1484 2494 1547 2527 111.
1580 2494 1644 2527 Bd.

238 2559 245 2566 .
334 2560 341 2568 .
365 2546 409 2577 pa
435 2561 442 2568 .
488 2538 508 2568 4
553 2547 567 2569 s
593 2562 601 2569 .

214 2620 242 2653 F
276 2581 328 2655 Lff)
352 2546 462 2612 cfr.gL.
479 2546 594 2657 Mege}
612 2580 709 2614 Gedr.
727 2580 839 2624 Vergl.
856 2590 933 2624 pag.
951 2581 1003 2621 53,
1027 2581 1065 2614 B.
1083 2580 1252 2615 Delbriick
1263 2581 1402 2616 Ablativ
1418 2583 1480 2615 etc.
1500 2591 1577 2626 pag.
1594 2582 1646 2616 50.

245 2646 252 2653 .
305 2633 412 2656 issner
433 2633 510 2666 pag.
557 2649 564 2656 .
