1824 2889
900 79 923 116 6

193 199 337 239 veroin
357 198 585 240 Graecorum
613 210 781 238 sermone
808 198 1103 238 instrumentalis
1122 196 1178 238 vis
1205 198 1329 239 minus
1357 198 1408 239 sit
1434 198 1628 249 explicata,

194 265 338 315 reliqna
365 265 498 312 verba,
528 276 624 315 quae
652 264 866 316 significant
897 276 999 315 „pan
1039 268 1276 314 comparare“
1308 264 1457 313 similia,
1493 264 1631 315 ubique

195 331 345 371 exstant
364 342 451 370 cum
470 329 597 371 dativo
625 330 741 370 etiam
769 330 870 382 apud
896 330 1117 370 Homerum.
1164 329 1317 371 Adsunt
1334 330 1428 371 talia
1445 330 1485 370 in
1503 330 1630 370 nostro

195 407 341 447 quoque
388 407 588 436 sermone:v
630 397 777 446 praeter
826 396 1075 444 „befreundet
1111 395 1200 442 ,sein
1245 396 1317 435 mit
1362 396 1584 436 Jemandem
1596 399 1630 444 “,

198 461 443 510 „Jemandem
479 461 629 502 Freund
665 463 783 510 sein“‚
823 462 862 502 et
899 461 1087 501 invenitur
1125 472 1212 501 cum
1248 461 1319 502 hac
1339 489 1342 492 >
1360 474 1449 502 voce
1477 462 1631 508 ,instru-

196 527 373 568 mentalis
411 528 450 567 in
488 528 628 579 linguis
665 527 1003 567 Palaeo-Indorum
1030 528 1069 566 61
1096 526 1303 566 Slavorum.
1324 528 1350 578 ¹)
1387 523 1503 568 'Idem
1530 528 1634 568 valet

194 594 234 633 in
272 593 394 633 verbis
432 593 591 639 ὀπάζειν,
631 593 794 647 ὀπηδεῖν,
834 592 1001 639 ἕπεσθαι,
1041 604 1135 643 quae
1172 592 1272 643 apud
1312 593 1519 634 Homerum
1547 605 1634 633 cum

197 660 273 711 (Zaa
302 659 449 709 saepius
478 659 644 706 exstant,
684 660 768 698 tum
800 657 1008 710 μίγνυσθαι,
1038 658 1181 710 ὁμιλεῖν,
1204 658 1397 712 μάχεσθαι
1432 659 1516 699 aliis
1550 659 1631 711 (cfr.

198 724 350 764 Curtius
375 724 674 775 Erlauterungen
701 735 791 775 pag..
821 726 868 763 17
874 723 964 775 3).2)
1011 722 1161 763 Curtius
1181 724 1308 764 autem
1325 724 1472 775 proprio
1509 724 1634 765 dativo

196 792 297 830 hunc
325 802 436 829 usum
464 790 632 830 tribuens
671 790 770 840 quod
805 790 853 829 ad
890 789 1178 840 grammaticam
1215 790 1255 828 in
1282 802 1394 829 usum
1422 791 1635 835 scholarum
1701 808 1703 810 ·

198 856 337 895 editam
366 856 465 895 recte
488 855 644 907 judicet,
675 854 774 905 quod
793 854 840 894 ad
860 855 1078 903 Homerum,
1107 855 1152 894 ut
1179 855 1303 905 ipsum
1330 856 1378 895 ab
1407 867 1449 895 eo
1476 856 1635 896 allatum

197 922 306 961 docet
348 922 577 971 exemplum,
616 921 913 960 instrumentalis
955 930 1045 960 usus
1088 921 1202 960 etiam
1243 922 1365 961 multo
1407 922 1530 973 viget,
1568 934 1636 961 nec

197 987 317 1025 facere
345 998 519 1036 possum,
550 986 639 1036 quin
668 986 834 1036 exempla
872 986 1008 1025 saltem
1036 997 1130 1036 quae
1166 981 1253 1024 011111
1288 986 1364 1038 ἅγια
1399 987 1636 1026 inveniuntur

197 1052 479 1092 instrumentali
508 1064 747 1091 annumerem
776 1052 914 1091 dativo.
972 1052 1056 1091 Hac
1083 1051 1122 1090 in
1150 1051 1337 1091 artissima
1375 1052 1551 1092 societate
1577 1052 1636 1092 in—

199 1118 461 1156 strumentalis
491 1118 529 1157 et
559 1129 645 1158 cum
673 1117 833 1156 locativo
863 1118 902 1156 et
931 1129 1017 1156 cum
1052 1117 1178 1156 dativo
1213 1118 1340 1156 tamen
1369 1117 1414 1156 (16
1442 1117 1637 1168 principali

198 1183 362 1234 quodam
392 1175 571 1223 consensu
600 1195 728 1223 eomm
756 1183 909 1222 minime
938 1184 996 1222 est
1024 1182 1278 1234 cogitandum,
1309 1184 1565 1234 quantumque
1594 1195 1637 1223 ex

197 1249 289 1289 locis
320 1261 406 1288 cum
433 1249 768 1300 praepositionibus
795 1249 959 1289 locativo'
976 1249 1181 1300 conjunctis
1202 1248 1373 1288 concludi
1400 1249 1523 1297 liceat,
1553 1249 1638 1289 tum

199 1314 309 1354 modo
339 1315 446 1365 quasi
475 1315 621 1354 certant
649 1315 694 1354 de
722 1314 935 1365 principatu
964 1314 1094 1354 localis
1115 1315 1153 1354 et
1180 1315 1491 1363 instrumentalis,
1521 1327 1638 1366 quum

200 1381 467 1420 istrumentum
504 1380 649 1430 ipsum,
686 1381 754 1419 aut
787 1392 963 1430 personae
1001 1380 1040 1419 et
1075 1391 1133 1419 res
1169 1380 1252 1419 aliis
1281 1380 1497 1431 conjunctae
1525 1380 1639 1419 simul

199 1446 325 1486 locum
355 1445 589 1497 significant,
631 1445 695 1484 ubi
735 1445 893 1485 societas
931 1445 1138 1485 intercedit.
1196 1445 1258 1485 Sic
1295 1445 1482 1485 invenitur
1509 1446 1638 1485 localis

199 1523 274 1551 una
312 1522 398 1550 cum
436 1510 715 1550 instrumentali
752 1510 912 1549 maxime
958 1522 1044 1550 cum
1080 1510 1203 1550 verbis
1245 1511 1343 1556 δέω,
1380 1511 1517 1565 ὃίὸημι,
1547 1510 1637 1565 ἔχω,

199 1577 358 1630 κρύπτω,
399 1576 586 1629 τέρπομαι,
619 1577 796 1630 μάχθμαι,
827 1576 938 1622 πλέω,
978 1575 1057 1626 ἄγω
1086 1576 1125 1614 ἐν
1155 1575 1223 1631 νηί,
1260 1576 1299 1615 ἐν
1335 1577 1467 1630 νήεσσι.
1521 1577 1638 1617 Plane

200 1644 318 1694 igitur
355 1654 526 1693 perverse
565 1641 775 1682 Get-landus
818 1642 1144 1682 instrumentalem
1185 1643 1263 1682 vim
1305 1643 1416 1683 locali
1458 1642 1639 1694 explicare

200 1709 397 1760 videtu1·.³)
455 1708 563 1757 Quod
592 1708 691 1748 enim
719 1708 830 1748 dicit:
863 1708 976 1756 „Dies
1011 1708 1218 1748 raumliche
1245 1709 1560 1749 Beisammensein
1594 1722 1639 1765 zu

202 1775 422 1815 bezeichnen
451 1775 502 1815 ist
530 1775 619 1814 aber
646 1774 834 1814 natfirlioh
863 1774 929 1814 der
946 1774 1093 1815 Localis
1120 1775 1205 1814 sehr
1224 1775 1414 1827 geeignet:
1444 1775 1512 1815 wir
1530 1775 1640 1815 sehen

201 1841 282 1880 hier
301 1840 484 1891 zugleich,
515 1840 600 1879 dass
621 1840 685 1879 der
702 1840 1050 1891 Indogermane'bei
1070 1840 1156 1880 (16111
1175 1841 1477 1881 Instrumentalis
1499 1841 1640 1893 gleich-

202 1907 290 1945 falls
319 1918 391 1945 von
421 1906 486 1945 der
513 1906 744 1945 raumlichen
772 1905 1030 1957 Anschauung
1058 1906 1238 1957 ausging:
1269 1906 1355 1945 dass
1382 1907 1462 1945 ihm
1486 1906 1552 1946 das
1570 1907 1640 1946 Er-

203 1973 325 2012 fassen
355 1971 419 2011 des
447 1970 700 2022 Werkzeuges
728 1971 797 2010 wie
825 1971 890 2010 der
918 1972 1025 2019 erste‚
1056 1983 1096 2011 so
1126 1971 1191 2011 der
1219 1971 1486 2011 bedeutendste
1513 1971 1642 2011 Punkt

206 2037 271 2077 der
289 2037 499 2087 Handlung
517 2040 615 2075 war“
640 2037 770 2076 contra
789 2037 1014 2076 monendum
1043 2038 1101 2076 est
1128 2037 1305 2087 primum,
1334 2049 1400 2076 nos
1430 2037 1642 2088 saepissime

205 2102 250 2141 (16
279 2101 487 2152 arripiendo
506 2102 753 2141 instrumento
773 2113 845 2141 non
867 2102 1051 2153 cogitare:
1076 2102 1145 2141 hoc
1166 2102 1276 2141 modo
1298 2102 1378 2153 jam
1403 2103 1640 2150 omittuntur,

206 2177 301 2218 quae
339 2168 428 2207 sunt
465 2167 580 2207 animi
616 2167 886 2214 instrumenta3
925 2170 1009 2208 tum
1047 2167 1162 2208 etiam
1200 2180 1395 2219 corporum
1438 2168 1643 2219 compluria

207 2234 307 2280 sunt,
339 2245 433 2284 quae
448 2232 596 2272 omnino
611 2233 783 2272 manibus
807 2234 949 2284 capessi
974 2245 1046 2273 non
1069 2234 1236 2284 possunt,
1266 2245 1424 2284 quorum
1448 2245 1467 2273 e
1491 2245 1643 2273 numero

205 2301 276 2340 hoc
304 2300 455 2340 tantum
483 2299 613 2339 afferre
641 2298 743 2338 volui
756 2314 785 2352 μ
805 2288 878 2339 74':
916 2300 951 2337 οἳ
976 2300 1018 2339 δὲ
1045 2299 1124 2338 δύω
1150 2300 1315 2338 σκόπελοι
1343 2299 1365 2337 a
1385 2300 1455 2352 μὲν
1484 2300 1643 2353 οὐρανὸν

296 2421 319 2461 ¹)
343 2419 400 2453 cfr.
433 2417 601 2451 Delbriick
633 2417 769 2451 Ablativ
801 2421 862 2452 610.
894 2428 970 2470 pag.
1003 2419 1054 2452 56.
1108 2419 1148 2452 111
1179 2419 1296 2462 lingua
1325 2418 1524 2452 Polonorum
1555 2418 1644 2452 idem

207 2459 1010 2548 ΕΡΡἺῗῂῦιιιιῗῖξιιεἰΠιο(ῗῄέιείοἰῗὲἔιῗίἔαέἔξῃιῗξὲιό
1024 2464 1080 2545 ἒξ
1104 2463 1256 2547 {sginiier
1279 2506 1383 2539 Dativ
1407 2481 1465 2539 (161·
1489 2506 1643 2539 Gemein-

207 2550 329 2591 schaft)
352 2550 461 2583 bildet
479 2550 668 2592 uberhaupt
682 2550 770 2583 wohl
786 2550 844 2583 das
861 2550 1060 2593 Bindeglied
1077 2550 1238 2584 zwischen
1254 2550 1367 2584 diesen
1382 2549 1502 2584 beiden
1519 2550 1641 2584 Casus“

211 2597 267 2637 (sc.
292 2595 394 2627 Dativ
417 2594 485 2627 und
508 2594 804 2635 Instrumentalis.)

295 2640 321 2680 ³)
346 2638 492 2673 Gerland
515 2639 583 2672 Der
606 2638 863 2682 altgriechische
887 2638 990 2672 Dativ
1013 2648 1089 2683 pag.
1115 2639 1166 2671 62.
