1824 2889
874 98 920 144 11

182 213 438 265 positionibus.
496 211 664 265 Denique
691 213 848 257 societas
876 215 999 265 posita
1025 215 1084 254 est
1110 215 1231 267 magis
1259 215 1297 255 in
1316 227 1372 263 eo,
1402 214 1501 266 quod
1528 226 1611 265 per-

183 291 292 319 sonae
319 281 358 319 et
385 284 443 319 res
470 280 669 330 participes
696 280 869 319 videntur
897 281 1051 319 actionis
1080 281 1247 331 subJecti,
1277 293 1389 332 quam
1408 280 1507 331 quod
1525 291 1612 319 cum

183 356 225 384 eo
262 344 342 396 ipso
378 345 607 386 consociatae
641 346 864 396 appareant,
907 344 1004 385 unde
1047 345 1117 384 1100
1161 357 1276 397 genus
1316 345 1611 386 instrumentalis

183 410 354 450 sociativi
375 410 456 461 jam
484 410 665 461 dependet
692 422 715 449 a·
733 410 854 449 verbis
873 411 912 450 et
938 411 1089 460 propius
1117 411 1260 449 accedit
1286 411 1612 450 instrumentalem

183 475 391 527 proprium,
421 487 533 526 quem
561 475 715 516 dixerim
742 475 1034 515 instrumentum
1061 475 1332 527 significantem
1360 476 1494 524 minus,
1525 475 1613 526 quia

183 540 269 581 inde
297 542 400 593 origo
429 541 480 581 sit
508 541 722 581 deducenda
749 542 1063 589 instrumentalis,
1101 553 1214 592 quam
1242 541 1340 591 quod
1367 542 1481 581 latius
1509 542 1613 591 patet

184 607 262 659 ejus
296 619 386 647 usus
420 608 630 658 recepitque
666 607 752 647 inde
786 605 850 647 1110
884 619 990 647 casus
1025 618 1159 647 nomen
1195 619 1237 646 ex
1276 605 1537 646 consuetudine
1580 606 1614 646 ei

184 672 364 712 additum.
421 673 495 713 Hic
532 684 677 724 quoque
714 673 918 713 formarum
956 685 1042 713 cum
1079 672 1411 723 praepositionibus
1439 684 1528 711 usus
1556 673 1613 712 est

183 738 418 789 frequentior.
1087 771 1091 773 .

279 804 322 859 ΙΙ.
362 803 400 856 a)
429 804 730 844 Instrumentalis
759 804 927 845 sociativi
955 804 1003 844 ad
1031 804 1316 856 significandum
1344 805 1512 854 tempus,
1542 815 1613 854 quo

184 869 275 919 quid
302 870 438 920 agitur,
477 870 577 919 apud
611 870 818 909 Homerum
846 866 962 909 etiam
997 870 1117 908 forma
1145 870 1305 920 genuina
1339 869 1445 908 adest
1478 869 1614 919 ubique

183 934 311 975 addito
340 935 415 987 ἅμα
444 935 482 974 et
510 934 728 986 plerumque
756 935 962 987 participio,
992 937 1153 986 quocu'm
1182 934 1356 974 suffixum
1384 949 1445 988 φιν
1465 934 1614 986 conjun-

183 1001 296 1052 gitur.
353 1002 506 1040 Praeter
534 1002 612 1054 ήώς
643 1002 716 1040 11110
753 1002 903 1041 tantum
938 1003 1084 1051 spectat
1112 1001 1238 1054 ἠέλιος.
1294 1001 1460 1040 Societas
1488 1001 1616 1039 autem

183 1066 241 1106 his
282 1066 373 1106 10013
415 1078 488 1106 11110
524 1066 723 1118 eodemque
761 1067 927 1118 tempore
964 1066 1215 1119 significatur,
1255 1077 1326 1117 quo
1365 1067 1523 1116 utraque
1557 1076 1615 1105 res

183 1133 389 1172 intercedit.
446 1133 535 1172 Loci
563 1134 672 1172 sunt:

316 1205 337 1238 I
355 1207 429 1245 682,
461 1206 487 1239 A
512 1207 585 1245 685,
616 1209 638 1239 ὃ
657 1208 731 1246 407,
763 1209 784 1244 ζ
802 1208 855 1245 31,
885 1220 906 1251 η
930 1207 1005 1246 222,
1034 1207 1057 1244 Ξ
1085 1207 1157 1244 266,
1186 1218 1209 1249 ρ
1232 1207 1307 1244 435,
1339 1218 1362 1238 π
1383 1206 1456 1243 270,
1486 1204 1541 1245 ἀμ’
1565 1207 1621 1249 ἠοῖ

313 1262 550 1305 φαινομένηφιν,
581 1261 600 1293 I
620 1262 693 1300 618,
727 1261 755 1294 Ω
777 1262 850 1300 600,
878 1274 903 1301 μ
927 1263 978 1300 24,
1008 1273 1027 1294 ο
1058 1262 1121 1294 396
1153 1261 1219 1301 ἅμα
1251 1260 1280 1293 δ’
1304 1263 1358 1304 ἠοῖ
1378 1262 1615 1304 φαινομένηφιν,

315 1314 348 1347 H
366 1316 440 1354 331,
464 1328 488 1348 π
508 1317 527 1348 2
551 1316 605 1356 ἅμ’
638 1319 699 1360 ἠοῖ.
748 1315 773 1349 Α
796 1316 870 1354 592,
906 1315 935 1349 Σ
953 1317 1029 1354 210,
1069 1314 1097 1348 Τ
1122 1316 1195 1354 207,
1231 1328 1254 1347 π
1273 1316 1336 1348 236
1374 1316 1441 1355 ἅμα
1465 1314 1495 1347 δ’
1518 1315 1615 1358 ἠελίῳ

315 1371 493 1409 καταδύντι,
518 1370 547 1403 Σ
560 1371 631 1409 136,
655 1373 682 1411 ψ
696 1372 759 1404 362
783 1370 838 1411 ἅμ’
860 1372 958 1415 ἠελίῳ
982 1371 1106 1408 ἀνιόντι,
1126 1383 1151 1410 μ
1166 1371 1230 1403 429
1247 1370 1312 1410 ἅμα
1329 1369 1358 1402 δ’
1376 1370 1473 1413 ἠελίῳ
1490 1370 1615 1402 ἀνιόντι.

222 1429 231 1434 ”
291 1437 418 1477 Locali
440 1438 520 1489 jam
548 1438 828 1478 attribuendum
865 1438 923 1477 est
952 1438 989 1476 N
1013 1439 1113 1486 794,
1153 1437 1217 1476 sed
1246 1436 1348 1476 haud
1375 1436 1450 1476 scio
1480 1448 1528 1476 an
1556 1436 1617 1476 1110

183 1503 482 1543 instrumentalis
510 1515 599 1543 usus
627 1504 835 1543 reservatus
864 1503 915 1543 sit
934 1500 1056 1550 ,etiam
1074 1503 1112 1542 in
1132 1514 1220 1542 voce
1240 1502 1414 1556 αὐτονυχί
1438 1502 1466 1540 Θ
1488 1503 1614 1553 197¹).

295 1568 337 1621 b)
377 1569 431 1609 Ut
465 1569 746 1609 instrumentali
783 1569 1058 1621 significantur,
1098 1580 1192 1619 quae
1227 1568 1431 1608 secundum
1468 1569 1617 1619 tempus

184 1634 297 1674 simul
324 1636 392 1675 aut
417 1635 586 1686 paullulo
614 1636 700 1686 post
725 1634 971 1683 intercedunt,
1001 1635 1053 1674 sic
1083 1634 1199 1674 etiam
1226 1646 1322 1685 quae
1349 1634 1479 1674 eodem
1506 1634 1616 1674 modo

184 1700 281 1740 fiunt
308 1700 511 1740 secundum
539 1701 683 1749 locum,
720 1713 834 1759 quare
861 1700 1186 1740 instrumentalem
1213 1700 1290 1739 vim
1319 1700 1617 1739 constituendam
1662 1704 1666 1708 “

184 1778 262 1805 0330
290 1767 381 1816 puto
415 1767 453 1805 in
487 1779 595 1806 versu
626 1767 661 1805 B
685 1768 763 1807 363
793 1767 846 1812 ὡς
870 1766 1017 1819 φρήτρη
1045 1766 1255 1819 φρήτρηφιν
1283 1765 1418 1819 ἀρήγῃ,
1447 1762 1547 1818 φῦλα
1575 1765 1617 1804 δὲ

184 1830 326 1883 φύλοις,
366 1844 477 1882 quem
514 1832 804 1879 Delbrueckius,
844 1832 1016 1882 Meyerus
1029 1861 1038 1878 ‚
1077 1827 1270 1870 Lissnerus
1306 1830 1430 1869 dativo
1467 1830 1616 1880 proprio

184 1896 386 1936 vindicant.
443 1896 652 1948 Significari
680 1897 778 1936 enim
805 1896 953 1936 videtur
979 1897 1050 1936 hoc
1077 1897 1177 1944 loco,
1208 1896 1307 1946 quod
1336 1896 1428 1935 dicit
1456 1895 1617 1935 Schwei-

184 1963 306 2003 tzerus
317 1962 348 2014 2)
372 1962 453 2011 „ein
471 1962 547 2002 fast
564 1962 733 2014 zugleich
761 1961 1006 2002 eintretendes
1032 1961 1317 2002 Raeumliches“
1349 1962 1388 2001 et
1415 1960 1617 2001 secundum

185 2028 395 2079 exemplum
423 2028 469 2068 ab
499 2040 541 2069 eo
570 2029 729 2068 allatum
756 2028 850 2068 nihil
879 2028 1024 2077 obstat,
1055 2028 1252 2079 quominus
1279 2028 1470 2068 vertamus
1502 2027 1618 2075 „dass

186 2094 411 2135 Geschlecht
438 2095 498 2134 bei
526 2095 772 2142 Geschlecht,
803 2094 950 2135 Stamm
978 2095 1066 2134 aber
1100 2094 1161 2134 bei
1189 2094 1336 2134 Stamm
1364 2094 1512 2133 helfend
1541 2094 1618 2133 ein-

186 2161 336 2212 greife.“
377 2160 484 2200 Nihil
511 2162 637 2200 autem
664 2160 875 2200 mirandum
901 2160 1059 2208 videtur,
1089 2160 1188 2211 quod
1207 2160 1376 2199 absolute
1394 2159 1456 2199 hic
1475 2159 1619 2199 dictum

186 2227 244 2267 est
262 2226 390 2280 ἀρήγει
408 2238 496 2278 prae
518 2226 546 2264 A
567 2227 644 2267 235
659 2227 701 2279 ³).
740 2225 912 2266 Ceterum
931 2226 970 2266 in
989 2226 1178 2266 artissima
1196 2225 1374 2266 societate
1393 2226 1431 2265 et
1450 2226 1618 2277 gentium

250 2389 257 2396 ·
277 2347 300 2396 ξ)
325 2345 381 2379 cfr.
404 2345 491 2379 infra
513 2345 760 2388 conjunctiones
784 2355 857 2379 cum
880 2346 1076 2387 pronomine
1100 2346 1205 2383 αὐτός,
1229 2344 1286 2377 11111
1308 2345 1501 2386 plerumque
1524 2354 1618 2386 prae-

186 2390 308 2474 pomg)
327 2389 526 2467 ggfisseitzer
541 2434 576 2467 in
588 2434 718 2468 Hfifer's
729 2433 922 2467 Zeitschrift
932 2433 953 2467 f.
968 2433 1134 2475 Sprachw.
1152 2433 1214 2466 III.
1228 2432 1290 2466 Bd.
1315 2433 1343 2465 3.
1358 2433 1438 2465 Heft
1453 2442 1530 2474 pag.
1544 2433 1616 2465 357.

274 2480 300 2518 ³)
324 2478 381 2529 qfr.
414 2478 514 2528 etiam
546 2476 578 2510 N
607 2479 669 2511 130
698 2477 756 2511 ubi
785 2478 918 2532 quidem
946 2478 1208 2537 instrumentalis
1243 2477 1292 2509 vis
1322 2477 1407 2535 jam*
1427 2486 1466 2509 ex
1499 2476 1618 2527 ceteris

187 2524 403 2608 10)ἔίἓοῖῗέᾆέ
420 2520 1183 2609 lizzfnfflgrntffl?Zussggffizwlolgaffi?ffisjyu2t63,l
1189 2519 1618 2604 gerglgoaaffiifirssltrg

188 2610 299 2651 posita
320 2612 372 2643 est
394 2610 429 2643 in
452 2620 500 2649 eo,
525 2610 614 2652 quod
636 2609 665 2642 B
685 2610 759 2649 363,
785 2609 818 2643 N
833 2611 895 2643 130
918 2610 1076 2645 auxilium
1100 2609 1264 2655 quoddam
1287 2608 1422 2648 accedit,
1448 2609 1506 2642 cfr.
1532 2618 1617 2656 quae

115 2696 119 2700 ὓ
189 2653 329 2686 diximus
352 2653 392 2687 de
414 2654 470 2691 ξὺν
491 2654 747 2696 praepositione.
