1824 2889
860 101 909 139 37

363 219 389 252 Δ
411 220 487 259 400,
511 218 540 252 Σ
552 220 623 259 106,
646 219 831 263 ἀγορὴΙιίο
845 229 912 253 11011
933 219 1025 252 locus
1047 218 1173 251 comitii
1188 216 1435 260 intellegendus
1451 218 1512 255 est,
1537 215 1596 248 sed

365 274 548 311 orationem
578 274 756 316 significat,
787 283 871 315 quae
900 273 937 306 in
966 273 1099 306 comitio
1128 272 1323 307 habebatur.
1377 271 1484 311 Quum
1508 271 1595 303 enim

363 328 399 360 in
430 327 563 361 comitio
594 327 715 369 aliquis
748 326 940 366 excellebat,
975 320 1041 368 qua
1062 336 1099 359 re
1132 326 1244 367 potuit
1265 326 1330 358 nisi
1353 326 1502 358 oratione
1525 325 1595 358 illic

362 381 489 421 habita,
514 392 598 425 quae
621 382 736 416 eadem
759 384 811 415 est
825 382 942 425 ἀγορή.
975 380 1040 415 cfr.
1065 379 1180 421 3275,
1206 379 1226 413 J
1235 382 1310 421 411,
1333 379 1452 421 3370,
1479 379 1504 412 θ
1520 380 1594 419 283,

362 436 391 470 Σ
410 438 483 478 106,
506 438 528 469 δ
547 438 621 476 818,
640 456 680 461 -—
704 436 845 480 ἔργοισιν
866 449 889 480 η
911 436 996 478 51‚¹)
1424 438 1426 441 ’

297 492 508 536 ὰριστεύω
528 492 638 537 βουλῇ
658 490 686 525 Λ
709 492 784 532 627,
805 491 921 525 localis
945 490 972 524 A
995 491 1070 531 409,

298 546 478 590 ἄριστος
498 546 624 591 ἔγχεσιν
654 547 676 579 δ
695 547 757 579 211
787 547 893 590 ἀρετῇ
921 547 943 578 δ
963 546 1038 586 629,
1069 557 1095 588 φ
1122 546 1194 585 187,
1212 557 1238 589 χ
1261 546 1324 578 244
1346 546 1453 589 νηυσίν
1476 546 1501 577 θ
1530 546 1592 578 247

360 601 470 645 βουλῇ
499 600 520 633 I
537 600 581 634 54
607 601 718 645 βουλῇ
745 600 797 633 καὶ
822 601 972 640 μύθοισιν
990 612 1017 635 ,ν
1039 600 1114 640 298,
1149 612 1172 632 π
1191 601 1255 632 419
1286 600 1442 643 τοξοσύνῃ
1477 598 1510 631 Ν
1529 600 1592 632 314

363 656 478 699 κάρτεϊ
497 667 533 689 τε
548 656 660 688 σθένεϊ
673 667 708 688 τε
728 654 753 687 O
770 655 831 688 108
844 655 972 695 δυνάμει
988 667 1022 688 τε
1038 654 1090 688 καὶ
1105 655 1218 698 ἥμασιν
1240 654 1273 686 Ψ
1283 654 1344 688 891
1353 655 1593 698 χοροιτυπίῃσιν

367 708 396 742 Ω
417 710 479 742 261
505 712 602 753 γενεῇ
624 708 670 752 [Σ
687 709 780 751 365],

296 764 476 804 δύναμαι
492 764 607 808 χερσίν
629 776 664 797 τε
687 764 777 797 ποσίν
800 775 835 797 τε
857 763 910 796 καὶ
931 764 1039 796 σθένει
1067 763 1100 796 Ψ
1116 763 1191 803 360,

295 819 594 862 ἐλαφρότατος
615 818 711 853 ποσσὶ
733 821 909 862 κραιπνοῖσι
937 818 970 851 Ψ
988 819 1061 858 749,

295 873 447 918 ἔξοχος
466 875 573 918 ἀρετῇ
594 872 625 906 Ξ
643 873 715 914 118,

295 930 532 973 ἐπιστήμων
552 929 661 974 βουλῇ
681 941 717 962 τε
739 929 802 974 νόῳ
826 941 861 962 τε
884 941 908 962 π
927 929 1003 969 374,

295 984 576 1024 ἐπιστάμενος
603 983 711 1017 ἄκοντι
745 983 770 1016 O
792 984 866 1017 282.
931 983 1037 1024 Quam
1068 983 1152 1017 falso
1178 982 1412 1026 judicaverint,
1444 983 1500 1024 qui
1530 983 1592 1016 hoc

359 1038 432 1072 loco
455 1048 494 1071 ex
516 1039 683 1072 sententia
713 1038 911 1072 scholiastae
940 1039 1187 1073 constituerunt
1217 1027 1415 1071 brevssitatem
1442 1037 1512 1080 jam
1535 1037 1592 1071 ad-

359 1093 489 1126 monuit
510 1093 619 1127 Fulda
642 1095 683 1135 (a.
708 1094 729 1126 1.
753 1104 831 1136 pag.
857 1094 942 1135 124),
972 1093 1024 1127 cui
1047 1095 1159 1126 tamen
1188 1093 1223 1126 in
1253 1103 1367 1126 omnes
1389 1095 1501 1135 partes
1525 1103 1592 1126 non

360 1148 561 1189 assentiar.²)

294 1203 529 1246 εὐρύτερος
559 1202 687 1243 ὤμοισιν
720 1203 769 1236 ἰδὲ
796 1204 969 1246 στέρνοισιν
1004 1201 1034 1235 Γ
1053 1203 1125 1235 194.
1169 1202 1268 1236 Errat
1297 1202 1503 1243 Nahrhaft,³)
1535 1202 1592 1244 qui

358 1257 436 1291 huic
457 1258 530 1291 loco
552 1257 690 1291 localem
712 1257 779 1291 vim
800 1257 909 1290 inesse
931 1258 1031 1299 putat
1053 1257 1125 1299 (cfr.
1149 1256 1262 1290 Delbr.
1287 1266 1363 1299 pag.
1388 1257 1439 1297 67,
1464 1257 1591 1290 Hentze

358 1312 479 1346 Philol.
503 1312 659 1346 XXVIII.
682 1322 760 1355 pag.
784 1312 847 1346 527
878 1313 951 1354 sq.).
996 1311 1043 1345 At
1064 1312 1211 1354 cogimur
1242 1311 1420 1345 accedente
1452 1322 1591 1354 praepo—

359 1367 479 1400 sitione
501 1369 545 1408 ἐν,
576 1369 614 1399 111
635 1367 814 1400 locativum
837 1368 1021 1399 statuamus
1052 1379 1072 1400 τ
1093 1367 1165 1406 264,
1199 1376 1295 1408 quem
1318 1376 1378 1408 pro
1402 1367 1590 1400 accusativo

358 1422 540 1463 respectivo
563 1422 618 1454 hic
640 1421 755 1454 adesse
773 1421 936 1464 judicavit
958 1421 989 1455 J.
1013 1421 1063 1454 La
1084 1421 1195 1455 Roohe
1218 1431 1238 1454 a
1259 1421 1282 1454 1.
1305 1431 1382 1463 pag.
1409 1422 1457 1454 14.

293 1477 467 1509 θάσσων
490 1476 580 1509 ποσίν
608 1475 633 1508 0
655 1476 729 1516 570,

293 1531 483 1571 καίνυμαι
504 1531 613 1575 ἐῃείῃ
638 1529 750 1571 B530,
775 1529 805 1563 Ξ
814 1531 875 1564 125
898 1530 985 1575 ἔγχει
1006 1530 1042 1562 θ’
1064 1521 1279 1576 ἱπποσύνῃ“τε
1302 1531 1439 1563 πόδεσσί
1458 1543 1492 1563 τε
1515 1543 1590 1574 καρ-

359 1586 533 1625 παλίμοισιν
556 1584 590 1617 Π
608 1585 671 1619 809
695 1586 778 1629 τόξῳ
808 1586 833 1617 θ
856 1586 919 1619 219
948 1586 1104 1630 ἱπποσύνῃ
1140 1585 1174 1617 Ψ
1191 1586 1254 1619 289
1284 1586 1466 1629 ἑκηβολίαις
1486 1584 1589 1630 (ᾗσιν)

358 1638 389 1672 E
407 1640 448 1674 54
479 1641 610 1680 μύθοισι
643 1653 663 1684 η
690 1640 750 1674 157
774 1641 925 1685 παντοίῃς
953 1641 1088 1685 ἀρετῇσι
1122 1641 1144 1673 δ
1164 1640 1238 1680 725,
1272 1640 1335 1674 815
1370 1641 1588 1685 παλαιμοσύνῃ

358 1695 432 1739 (τῇ)
466 1696 490 1727 θ
516 1696 575 1728 127
595 1696 777 1739 μαντοσύνῃ
811 1707 821 1727 ι
843 1695 906 1728 509
930 1695 1050 1739 ἀγλαΐῃ
1084 1708 1104 1728 τ
1125 1695 1166 1728 82
1189 1695 1386 1739 κλεπτοσύνῃ
1419 1695 1471 1727 καὶ
1502 1696 1589 1739 ὅρκῳ

252 1827 275 1867 ¹)
299 1826 488 1869 θαρσαλέος
508 1827 571 1870 γὰρ
594 1828 675 1870 ἀνὴρ
698 1828 731 1858 ἐν
754 1828 845 1859 πᾶσιν
867 1826 1002 1866 ἀμείνων

299 1869 460 1913 [ἔργοισιν
483 1871 617 1910 τελέθει,
640 1871 670 1903 εἰ
691 1871 748 1903 καί
766 1871 866 1903 ποθεν
887 1869 1030 1903 ἄλλοθεν
1052 1869 1165 1914 ἔλθοι]

162 1913 302 1947 iortasse
324 1914 439 1947 localis
462 1914 601 1953 videtur,
626 1914 683 1947 sed
711 1916 746 1947 et
774 1914 916 1947 multum
946 1913 1178 1948 addubitatum
1208 1916 1260 1948 est
1290 1914 1330 1948 de
1361 1924 1415 1954 eo,
1448 1916 1482 1947 et
1509 1925 1589 1957 prae

160 1957 187 1998 β
209 1958 272 1991 194
295 1957 394 1990 aliam
416 1958 555 2000 praebet
581 1959 664 1997 vim,
696 1968 794 2000 quam
825 1958 975 1991 restituit
1002 1958 1174 1991 Bekkerus
1204 1959 1310 2001 ejecto
1340 1959 1446 1991 altero
1476 1969 1589 1998 νει-811,

162 2010 221 2033 nos
244 2003 410 2035 vertamus
435 2002 542 2041 „deun
565 2002 623 2035 der
648 2002 799 2044 muthige
825 2002 926 2035 Manu
954 2012 1013 2034 vor
1042 2001 1141 2035 Allen
1170 2001 1216 2035 ist
1246 2001 1304 2035 der
1335 2003 1522 2045 tiichtigere
1554 2003 1588 2035 in

162 2044 301 2084 Thaten,
325 2046 409 2078 auch
432 2056 526 2079 wenn
550 2056 585 2079 er
607 2056 670 2079 von
693 2046 896 2079 anderwarts
918 2046 1045 2079 kame.“

248 2091 275 2130 ²)
298 2089 380 2122 Pott
402 2089 523 2132 (Etym.
547 2090 706 2132 Forschg.
729 2090 756 2129 Ι,
784 2091 858 2131 197)
882 2089 922 2123 de
946 2090 1074 2132 origine
1097 2089 1195 2132 hujus
1218 2090 1307 2123 vocis
1327 2089 1457 2132 judicat
1480 2092 1588 2123 ortam

162 2141 233 2165 esse
257 2142 295 2166 ex
309 2134 556 2174 praepositione
571 2134 620 2166 ἐπὶ
636 2136 670 2166 et
685 2144 723 2166 ex
738 2133 848 2166 radice
864 2143 929 2166 non
948 2133 1156 2175 reduplicata
1171 2131 1269 2173 ΣΤΑ;
1292 2144 1359 2166 11011
1374 2134 1479 2166 solum
1497 2134 1588 2172 „sich

161 2183 206 2209 nn
228 2176 336 2221 etwas
363 2177 514 2216 stenem,
546 2179 584 2210 ut
613 2178 662 2210 ait
691 2177 815 2219 Fulda,
851 2177 1037 2219 germanice
1068 2179 1120 2210 est
1153 2177 1367 2219 ἐφίστασθαι,
1395 2177 1453 2210 sed
1487 2177 1587 2210 etiam

163 2219 254 2258 „sich
276 2228 321 2254 an
342 2219 525 2255 Jomanden
547 2221 568 2254 i.
594 2231 620 2254 e.
649 2232 691 2254 an
713 2220 889 2254 Jemaudes
920 2221 1030 2254 Seite⁴⁴
1064 2222 1122 2254 aut
1154 2221 1367 2260 „Jemandem
1397 2221 1588 2264 gegeniiber

161 2264 300 2298 stellen“
325 2275 386 2298 nec
406 2265 513 2298 latino
537 2265 691 2308 congruit
713 2264 812 2299 verbo
838 2264 1024 2304 „imbuere“
1050 2264 1139 2308 quod
1153 2267 1291 2307 propter
1306 2266 1584 2308 praepositionem

163 2308 236 2347 „in“
259 2319 369 2342 secum
384 2309 486 2343 habet
502 2310 650 2343 localem.
685 2310 944 2345 Instrumentum
962 2311 1082 2349 autem,
1101 2319 1165 2352 quo
1182 2310 1255 2352 quis
1271 2310 1370 2344 alicui
1385 2320 1420 2343 se
1436 2310 1585 2352 opponit,

160 2352 195 2385 in
217 2352 334 2396 lingua
356 2364 477 2396 graeca
506 2354 655 2387 dativum
678 2354 780 2388 habet
803 2364 914 2388 casum
936 2354 968 2387 vi
990 2354 1250 2393 instrumentali,
1277 2357 1316 2388 ut
1337 2365 1397 2388 nos
1420 2356 1586 2387 vertamus

160 2398 367 2437 ἐπιστάμενος
387 2397 493 2430 ἄκοντι
517 2398 627 2437 „einer
650 2398 708 2431 der
731 2399 801 2432 sich
822 2399 885 2432 mit
904 2398 979 2432 dem
995 2398 1118 2441 Speere
1134 2408 1177 2432 an
1192 2398 1245 2432 die
1262 2398 1352 2432 Seite
1369 2398 1447 2431 oder
1463 2408 1586 2441 gegen-

159 2439 367 2475 fiberstellt“.
413 2441 477 2482 Qui
501 2442 612 2475 autem
641 2442 704 2476 1100
733 2441 846 2485 potest
874 2442 998 2481 facere,
1034 2442 1095 2476 hac
1124 2452 1159 2475 re
1191 2442 1331 2476 excellat
1359 2452 1490 2475 necesse
1525 2444 1585 2475 est.

159 2484 306 2518 Eandem
328 2486 395 2518 vim
419 2496 596 2528 cognascas
624 2487 724 2520 etiam
755 2499 773 2519 υ
799 2487 880 2527 159;
910 2486 1050 2519 ancillae
1081 2487 1134 2520 hic
1164 2486 1348 2526 loboribus,
1382 2487 1439 2528 qui
1470 2486 1586 2520 officiis

160 2527 349 2564 domesticis
367 2529 476 2572 juncti
499 2532 578 2563 suut
599 2532 813 2571 ἐπισταμένως
835 2532 992 2569 πονέοντο,
1017 2531 1052 2564 in
1076 2540 1140 2572 quo
1166 2530 1324 2564 laboriosi
1354 2530 1419 2563 vim
1449 2530 1586 2563 eandem

159 2573 333 2614 respicias:
359 2573 547 2612 „laboribus
570 2584 605 2607 se
628 2574 840 2616 opponebant
862 2574 1058 2608 enitentes“.

159 2643 200 2694 w
245 2619 273 2659 ³)
295 2617 422 2695 {osleph
448 2618 615 2652 Nahrhaft
646 2619 734 2658 „Der
765 2618 940 2653 Gebrauch
970 2618 1027 2653 des
1056 2619 1184 2653 localen
1214 2619 1316 2653 Dativ
1344 2618 1399 2653 bei
1431 2618 1584 2655 Homer.“

200 2660 256 2694 ien
280 2663 296 2695 l
323 2663 342 2695 6
366 2686 374 2695 .
