1824 2889
896 119 943 158 13

340 238 576 282 πολυϊδρείῃσιν
608 239 634 279 β
661 239 724 271 346
755 240 782 279 ψ
816 239 855 270 77
886 239 1153 282 ἀεσιφροσύνῃσιν
1183 250 1201 271 ο
1224 240 1289 272 470
1318 240 1473 284 νηπιέῃσιν
1509 239 1533 271 O
1555 239 1630 278 363.

335 290 364 324 Υ
380 293 441 325 411
474 306 501 325 ω
524 293 586 326 469
610 293 805 337 ἀφραδίῃσιν
837 305 848 325 ι
870 293 944 331 361,
972 305 995 335 ρ
1019 293 1093 331 233,
1126 291 1160 325 K
1177 293 1241 326 350
1264 294 1508 338 σαοφροσύνῃσι
1539 295 1565 335 φ
1588 294 1631 327 30

332 347 591 391 πολυκερδείῃσιν
621 360 648 379 ω
687 348 747 380 167
788 347 965 391 κερδοσύνῃ
997 346 1033 379 Χ
1058 348 1131 385 247,
1161 349 1182 379 δ
1208 349 1281 387 251,
1315 350 1337 386 ξ
1363 349 1402 381 31
1433 349 1525 392 χόλῳ
1554 349 1631 381 οὐδὲ

331 402 456 441 νεμέσσι
486 400 517 434 Ζ
536 402 600 436 335
633 401 879 446 δολοφροσύνῃς
905 399 932 433 Τ
949 402 990 434 79
1014 403 1251 446 κακορραφίῃσι
1271 403 1297 443 β
1318 403 1391 436 236.

308 491 377 530 III.
421 491 663 542 Frequentior
704 491 802 542 apud
839 491 1047 530 Homerum
1089 503 1178 530 usus
1223 492 1279 531 est
1322 492 1628 540 instrumentalis,

163 567 168 574 ·
201 557 265 607 qui
293 557 492 598 adhibetur
520 558 568 597 ad
595 557 831 597 indicandam
859 557 1043 597 rationem
1071 569 1115 596 ac
1143 557 1296 596 modum
1324 559 1390 597 aut
1417 570 1495 597 rem
1517 558 1630 598 simul

199 623 488 663 intercedentem
517 636 602 662 cum
640 624 766 673 aliqua
803 624 958 662 actione.
970 624 995 673 ¹)
1052 623 1193 662 Similis
1231 623 1377 662 videtur
1411 624 1630 663 Latinorum

198 689 360 728 ablativo
389 701 500 739 quem
528 689 657 728 dieunt
685 689 797 728 modi.
840 689 885 727 In
903 689 1058 728 Homeri
1084 689 1308 728 carminibus
1336 689 1457 728 solum
1476 701 1627 728 numero

202 754 382 804 singulari
413 755 567 804 junctus
606 754 809 801 invenitur,
848 754 948 792 haud
986 754 1134 803 saepius
1168 766 1253 792 cum
1282 754 1465 793 attributo
1494 755 1532 793 et
1559 754 1630 792 nisi

198 830 270 858 uno
306 819 386 858 loeo
421 818 557 869 ubique
594 819 672 858 sine
700 819 1044 869 praepositionibus.
1102 819 1325 858 Praevalent
1363 819 1501 858 formae
1538 819 1576 858 in
1604 834 1628 872 ῃ

199 886 237 924 et
264 900 298 937 ῳ
327 885 511 933 exeuntes,
541 896 635 935 quae
672 885 890 935 plerumque
927 884 1188 925 adverbiorum
1223 885 1397 924 naturam
1429 896 1541 935 prope
1569 896 1629 924 ae-

200 950 346 990 cedunt.
395 949 574 1001 Spectant
593 951 665 990 huc
684 951 847 1001 primum
870 962 977 991 voces
1007 951 1218 999 clamorem,
1249 950 1464 1001 strepitum,
1495 950 1631 990 similia

199 1016 449 1067 significantes
459 1030 468 1056 :

326 1104 460 1147 μεγάλῳ
484 1103 641 1147 ἀλαλητῷ
672 1101 707 1135 M
711 1146 713 1148 Ι
729 1103 799 1141 138,
833 1102 863 1135 Ξ
879 1104 954 1142 393,
985 1116 1012 1135 ω
1035 1104 1099 1136 463
1130 1104 1296 1146 θεσπεσίῳ
1321 1103 1478 1146 ἀλαλητῷ
1500 1102 1528 1135 Σ
1550 1104 1609 1136 149
1618 1114 1629 1143 ,·

331 1157 425 1190 deest
448 1157 644 1190 attributum
671 1156 699 1189 B
722 1159 793 1196 149,
818 1156 851 1189 H
870 1158 922 1197 78,
952 1156 978 1190 Φ
1005 1158 1053 1190 10.

411 1213 539 1257 μεγάλῃ
566 1214 644 1256 ἰαχῇ
677 1212 701 1244 0
724 1213 788 1245 384
819 1213 920 1257 τόσσῃ
951 1214 1030 1257 ἰαχῇ
1059 1211 1088 1245 Ρ
1113 1213 1175 1245 266
1205 1213 1362 1256 θεσπεσίῃ
1391 1213 1469 1256 ἰαχῇ
1497 1212 1537 1254 [λ
1566 1212 1630 1255 43]

329 1267 407 1312 ἰαχῇ
428 1280 463 1299 τε
486 1267 580 1311 φόβῳ
606 1259 647 1300 τε
664 1265 698 1299 Π
716 1267 789 1300 373.

412 1322 525 1366 μολπῇ
545 1321 574 1355 τ’
596 1323 702 1366 ἰυγμῷ
723 1334 758 1355 τε
781 1321 810 1354 Σ
828 1322 900 1355 572.

327 1377 461 1420 μεγάλῳ
486 1377 665 1420 ὀρυμαγδῷ
691 1375 717 1408 Φ
740 1376 803 1409 256

393 1433 460 1475 ἠχῇ
494 1432 651 1475 θεσπεσίῃ
690 1430 715 1464 θ
748 1425 819 1469 159,
857 1430 882 1462 O
911 1431 986 1469 590,
1018 1429 1053 1463 M
1079 1431 1153 1469 252,
1184 1429 1216 1463 N
1235 1431 1308 1469 834,
1346 1430 1370 1462 0
1392 1432 1466 1469 355,
1503 1430 1534 1463 Π
1555 1432 1628 1470 769,

400 1485 433 1517 Ψ
450 1485 524 1524 213,
549 1497 571 1528 γ
594 1486 656 1519 150
680 1486 698 1518 λ
722 1486 784 1519 633
809 1487 874 1530 ἠχῇ
895 1484 924 1517 Β
945 1486 1017 1518 209.

329 1541 470 1585 φθόγγῳ
495 1553 518 1573 σ
541 1541 601 1574 199

392 1607 517 1651 κλάγγῃ
551 1606 580 1639 Γ
604 1607 623 1640 5
655 1607 784 1651 κλαγγῇ
811 1605 839 1639 τ’
863 1608 963 1651 ἐνοπῇ
980 1619 1015 1639 τε
1041 1605 1070 1638 Γ
1086 1607 1105 1638 2
1133 1608 1297 1650 μυκηθμῷ
1321 1606 1348 1639 Σ
1367 1608 1430 1640 575
1450 1611 1569 1651 μυχμῷ
1591 1620 1625 1640 τε

396 1664 539 1706 στοναχῇ
564 1674 599 1694 τε
621 1675 648 1694 ω
671 1662 735 1694 416
754 1661 888 1705 μεγάλῳ
913 1662 1046 1705 πατάγῳ
1083 1660 1110 1693 Φ
1133 1662 1163 1700 9,
1198 1662 1271 1695 387·

459 1717 604 1761 ὀλολυγῇ
617 1715 647 1748 Ζ
656 1717 716 1749 301
735 1717 898 1760 θεσπεσίῳ
915 1715 944 1748 δ’
960 1717 1070 1760 ὁμάδῳ
1088 1714 1120 1748 Ν
1130 1717 1202 1755 797,
1221 1715 1253 1748 Π
1261 1717 1323 1750 295
1337 1718 1509 1762 κνυζηθμῷ
1523 1730 1546 1749 π
1565 1719 1624 1750 163

393 1771 500 1816 πολλῇ
519 1772 555 1804 δὲ
573 1772 672 1815 ῥοίζῳ
695 1783 705 1803 ι
721 1771 784 1804 315
808 1772 891 1809 ὀιζυῖ
909 1771 1015 1815 πολλῇ
1034 1784 1054 1815 η
1078 1771 1143 1804 270

459 1830 637 1869 κρατερῆφι
657 1826 767 1870 βίηφιν
776 1827 805 1868 ²)
835 1824 861 1857 Φ
884 1826 958 1864 501,
980 1838 991 1857 ι
1005 1826 1081 1864 476,
1101 1838 1126 1866 μ
1150 1827 1213 1859 210
1233 1827 1343 1870 βίηφιν
1367 1825 1401 1859 Π
1418 1828 1492 1864 826,
1522 1826 1548 1859 Φ
1564 1828 1626 1859 367

392 1881 477 1924 δόλῳ
500 1881 577 1914 οὐδὲ
596 1881 706 1925 βίηφιν
729 1893 739 1912 ι
761 1880 835 1919 406,
858 1880 922 1913 408
943 1880 1000 1925 βίῃ
1025 1878 1058 1913 Ν
1076 1881 1149 1920 572,
1176 1879 1208 1913 Π
1226 1881 1300 1914 387.

458 1935 505 1977 ἶφι
529 1934 554 1968 Α
578 1935 631 1974 38,
654 1935 729 1974 452,
753 1934 783 1967 Ζ
802 1935 876 1974 478,
904 1935 922 1967 λ
944 1935 1007 1968 284
1027 1947 1050 1978 ρ
1073 1936 1137 1969 443
1167 1934 1194 1967 Τ
1210 1937 1273 1968 417
1304 1935 1330 1968 Φ
1354 1936 1428 1974 208,
1452 1937 1540 1975 σ57,
1567 1937 1626 1970 156

395 1989 420 2023 Α
447 1990 518 2029 151,
542 1989 571 2022 Β
592 1991 665 2030 720,
690 1990 714 2022 Δ
739 1990 813 2029 287,
838 1988 867 2022 Ε
887 1990 960 2029 606,
985 1989 1021 2022 Μ
1039 1990 1114 2030 367,
1139 1990 1167 2023 Σ
1189 1992 1238 2030 14,
1268 1989 1295 2023 Φ
1318 1991 1392 2030 486,
1418 1990 1448 2023 Γ
1465 1992 1538 2025 375·

455 2046 651 2090 ἀναγκαίηφι
679 2044 708 2078 Υ
727 2045 798 2085 143,
830 2046 916 2089 δόλῳ
940 2057 961 2078 α
985 2046 1060 2084 296,
1084 2046 1102 2078 λ
1128 2046 1200 2085 120,
1221 2047 1247 2087 β
1268 2046 1343 2085 368,
1367 2058 1390 2089 γ
1410 2047 1484 2085 235,
1509 2047 1627 2089 quibus

391 2100 472 2133 locis
496 2100 596 2133 etiam
619 2100 660 2133 de
683 2100 903 2133 instrumento
928 2100 1069 2142 cogitari
1093 2103 1214 2142 potest,
1241 2113 1260 2133 τ
1281 2102 1355 2133 212·

304 2187 398 2229 Cum
426 2188 651 2238 accusativo,
681 2200 792 2239 quem
819 2199 885 2228 nos
914 2188 1071 2228 dicimus
1104 2188 1332 2238 „Accusativ
1352 2189 1415 2229 des
1435 2190 1623 2229 Inhaltes“

196 2255 446 2305 componenda
474 2256 563 2294 sunt
589 2255 734 2306 haec:³)

285 2420 308 2460 ¹)
334 2418 391 2452 cfr.
416 2418 553 2460 Capelle
576 2428 652 2461 pag.
678 2419 728 2451 22.
775 2417 942 2451 Delbriick
965 2428 1042 2461 pag.
1067 2418 1118 2451 52.
1164 2418 1377 2461 Nagelsbach
1401 2419 1444 2453 ad
1466 2419 1496 2452 B
1518 2421 1588 2453 149.

282 2465 308 2504 ²)
334 2463 397 2504 Qui
420 2463 484 2496 hue
506 2463 669 2496 referendi
692 2463 761 2495 sint
783 2462 848 2496 loci
871 2473 944 2495 eum
968 2463 1035 2507 βίῃ,
1061 2463 1155 2508 βίηφι
1185 2473 1283 2505 saepe
1314 2463 1533 2497 dubitandum
1564 2466 1623 2502 est,

196 2516 296 2549 quum
318 2507 372 2540 vel
394 2507 667 2546 instrumentum,
695 2507 748 2540 vel
776 2506 892 2539 modus
922 2508 957 2539 et
987 2506 1076 2539 haud
1107 2508 1175 2539 scio
1206 2518 1248 2539 an
1279 2508 1422 2549 qualitas
1455 2509 1517 2541 hac
1547 2519 1625 2541 voce

195 2551 417 2593 significetui-3
448 2551 518 2591 (cfr.
547 2551 648 2584 etiam
671 2551 816 2583 Lissneri
844 2550 1005 2592 judicium
1034 2560 1111 2592 pag.
1144 2552 1162 2583 6
1195 2551 1304 2592 initio)
1339 2551 1426 2584 idem
1461 2552 1551 2584 valet
1586 2552 1625 2584 de

194 2594 242 2638 ἶφι
266 2597 300 2628 et
322 2594 515 2636 plerumque
539 2595 578 2627 de
603 2595 698 2639 δόλῳ.

281 2642 307 2680 3)
332 2639 388 2672 cfr.
413 2639 517 2672 Jacob
542 2639 591 2672 La
613 2639 724 2682 Roche
749 2639 836 2677 „Der
860 2638 1038 2672 Accusativ
1060 2639 1106 2671 im
1122 2639 1263 2672 Homer⁸⁴
1288 2649 1320 2681 p.
1346 2640 1386 2673 26
1410 2650 1458 2681 sq.
1483 2642 1517 2672 et
1541 2651 1624 2681 quae

195 2683 234 2715 de
258 2684 319 2716 hac
343 2683 471 2716 ratione
496 2683 627 2716 dicendi
651 2683 751 2716 attuli
775 2682 836 2715 sub
861 2683 994 2724 proprio
1018 2683 1265 2715 instrumentali
1289 2693 1364 2725 pag.
1391 2684 1441 2715 26.
