1824 2889
669 674 1031 724 Praefatio.

243 803 382 875 Quum
409 845 523 872 unam
551 834 617 872 aut
644 845 792 883 perraro
821 833 914 873 duas
944 834 1122 884 complexi
1147 834 1307 885 linguas,
1337 835 1401 884 qui
1430 834 1563 874 studiis

133 899 387 952 grammaticis
415 899 454 938 111
482 911 647 939 sermone
667 899 894 939 Graecorum
921 900 1104 950 prioribus
1133 912 1210 939 sese
1233 900 1448 940 imbuerunt
1466 902 1562 940 tem-

132 965 353 1017 pestatibus,
384 965 626 1013 elaborarent,
657 966 700 1004 ut
729 965 875 1016 legibus
905 967 1152 1016 supponerent
1189 966 1433 1016 quibusdam,
1470 978 1564 1016 quae

131 1032 229 1071 inter
256 1042 295 1070 se
324 1030 471 1071 diversa
499 1031 537 1070 et
572 1032 818 1082 repugnantia
854 1031 1092 1080 videbantur,
1132 1032 1257 1071 tamen
1296 1032 1428 1083 exigua
1456 1032 1565 1071 modo

132 1098 170 1137 et
206 1097 307 1137 haud
350 1097 529 1148 gravioris
574 1097 807 1148 profecerunt
851 1098 1040 1138 momenti.
1109 1097 1215 1147 Quod
1253 1111 1369 1149 quum
1407 1098 1455 1137 ad
1492 1099 1564 1138 alia

131 1164 215 1203 tum
253 1163 367 1202 etiam
405 1163 541 1202 attinet
577 1163 625 1202 ad
663 1175 787 1212 casus,
827 1175 917 1214 quos
953 1164 1093 1215 origine
1128 1165 1230 1203 nullo
1266 1164 1376 1203 modo
1413 1164 1563 1215 cognita

131 1240 218 1280 prae
247 1229 578 1280 significationibus
616 1230 766 1269 tantum
800 1229 944 1270 haustis
982 1242 1024 1269 ex
1058 1231 1251 1270 sententiis
1288 1242 1421 1281 parum
1459 1242 1566 1281 saepe

132 1295 431 1343 accommodatis,
462 1295 608 1345 saepius
637 1295 752 1334 etiam
780 1296 960 1345 perversis
989 1297 1318 1346 grammaticorum
1345 1296 1565 1335 Alexandri-

132 1371 267 1399 norum
293 1361 360 1400 aut
386 1360 600 1411 posterioris
628 1361 818 1412 temporis,
849 1362 887 1401 et
914 1373 956 1400 ex
984 1371 1055 1401 usu
1085 1373 1213 1401 eorum
1241 1361 1339 1412 apud
1368 1362 1565 1412 scriptores

134 1426 342 1467 commixtis
370 1427 526 1477 propriis
556 1427 789 1477 explicandos
815 1439 893 1466 esse
911 1428 1096 1477 putabant
1115 1428 1319 1467 sententiis.
1360 1427 1432 1467 Sed
1451 1428 1566 1467 etiam

132 1492 170 1529 in
206 1503 247 1530 eo
285 1492 504 1541 plerumque
533 1489 689 1531 summa
734 1493 814 1531 erat
850 1492 1018 1540 licentia,
1057 1493 1277 1542 praesertim
1313 1493 1350 1531 in
1387 1492 1566 1544 eligendis

133 1557 372 1608 scriptoribus
402 1570 424 1597 a
454 1557 588 1609 quibus
616 1559 845 1609 promebant,
877 1570 970 1609 quae
989 1558 1211 1598 viderentur.
1255 1558 1364 1598 Hanc
1383 1559 1564 1611 rationem

132 1623 206 1662 fere
234 1635 359 1663 omnes
386 1624 504 1663 secuti
532 1625 620 1663 sunt
648 1625 761 1664 ctiam
789 1625 1027 1675 grammatici
1054 1625 1139 1664 inde
1160 1626 1206 1664 ab
1227 1625 1410 1664 renovatis
1431 1625 1565 1664 studiis

132 1688 325 1728 literarum
353 1689 590 1740 antiquitatis
619 1702 735 1740 usque
763 1690 811 1729 ad
839 1691 1005 1729 nostram
1032 1691 1206 1730 aetatem.
1255 1691 1420 1729 Tantum
1439 1691 1566 1729 autem

133 1755 249 1802 abest,
279 1755 323 1794 ut
351 1756 545 1804 propterea
573 1757 768 1805 tamquam
805 1756 974 1805 iniquum
1005 1756 1171 1806 judicem
1210 1768 1337 1795 eorum
1372 1768 1431 1794 me
1460 1768 1565 1805 prae-

132 1819 251 1866 beam,
281 1820 336 1866 ut,
368 1831 461 1869 quae
490 1821 578 1859 sunt
605 1820 750 1868 merita,
781 1832 928 1860 summa
963 1821 1157 1859 voluntate
1192 1821 1323 1859 lubens
1352 1832 1562 1871 agnoscam.

132 1884 235 1923 Inter
263 1896 400 1932 omnes,
432 1885 496 1935 qui
524 1885 568 1924 de
597 1886 654 1924 his
684 1886 879 1936 compositi
907 1886 983 1924 sint
1011 1886 1115 1933 libri,
1153 1886 1313 1925 maxime
1343 1897 1566 1924 commemo-

132 1950 262 1989 rabilis
290 1951 348 1989 est
375 1950 582 2002 Hartungii
610 1951 655 1990 de
684 1951 841 1998 casibus,
872 1952 1050 1999 attamen,
1081 1963 1309 2002 quamquam
1346 1963 1482 2002 magna
1509 1951 1566 1990 in·

134 2015 277 2054 dustria
314 2017 426 2066 atque
463 2017 611 2067 ingenio
649 2006 738 2056 usus
773 2018 830 2056 est
867 2018 1014 2064 auctor,
1054 2018 1253 2056 obsoletus.
1319 2017 1443 2065 Quum
1480 2029 1565 2055 vero

133 2080 294 2131 linguae,
326 2093 420 2131 quae
449 2081 603 2121 eandem
637 2082 779 2121 ducunt
814 2081 1012 2133 originem,
1052 2083 1203 2132 coeptae
1239 2084 1327 2121 sunt
1364 2082 1567 2132 comparari

134 2156 155 2183 a
182 2146 272 2185 viris
293 2146 519 2194 clarissimis,
549 2148 593 2185 ut
613 2159 635 2185 a
653 2147 806 2197 Boppi0‚
827 2147 965 2195 Pottio,
987 2147 1232 2194 Schleichero,
1262 2148 1356 2195 aliis,
1377 2148 1568 2186 illustrata

134 2210 241 2260 quasi
278 2211 335 2250 est
370 2211 508 2263 caligo,
548 2224 621 2263 qua
658 2213 696 2252 et
733 2212 896 2263 reliquae
933 2213 1058 2263 partes
1097 2213 1188 2253 artis
1224 2212 1490 2264 grammaticae
1530 2213 1568 2252 et

136 2287 289 2316 casuum
327 2277 523 2328 disciplina
560 2290 676 2328 usque
712 2279 817 2318 erant
850 2278 1050 2318 involutae.
1107 2279 1216 2318 Hanc
1250 2279 1351 2317 viam
1385 2279 1569 2329 persecuti

135 2353 252 2391 quum
289 2343 353 2382 alii
391 2344 474 2383 tum
510 2344 758 2383 Delbrsickius
797 2345 835 2383 et
872 2344 1128 2383 Windischius
1164 2345 1285 2383 multa
1320 2345 1566 2394 profecerunt,

135 2406 198 2446 ille
226 2407 326 2448 idem
354 2409 392 2448 in
412 2409 569 2448 casibus.
617 2409 701 2448 Una
722 2409 851 2460 igitur,
882 2421 976 2459 quae
1005 2410 1144 2449 similia
1171 2410 1210 2449 in
1239 2410 1376 2461 linguis
1404 2410 1569 2461 ejusdem

135 2472 214 2511 visa
242 2474 318 2514 sint
346 2475 484 2525 stirpis,
515 2476 680 2514 tractata
708 2476 807 2522 sunt,
838 2476 875 2514 et
904 2476 1125 2515 exstiterunt
1154 2476 1359 2515 sententiae
1386 2476 1432 2514 iis
1462 2488 1569 2526 saepe

137 2539 318 2579 contrarie
355 2540 563 2591 oppositae,
603 2552 697 2591 quae
734 2542 844 2580 antea
881 2541 1070 2592 vigebant.
1127 2542 1209 2580 Hoc
1248 2542 1346 2580 enim
1383 2541 1493 2581 modo
1532 2542 1569 2580 in

136 2602 362 2644 Graecorum
399 2607 437 2645 et
464 2606 682 2662 Latinorum
722 2606 951 2646 sermonibus
987 2607 1222 2656 respicientes
1258 2607 1386 2646 affines
1422 2607 1570 2657 palaeo-

135 2668 293 2709 slavicas
322 2671 592 2721 palaeoindicas
622 2671 715 2710 alias
739 2671 887 2723 linguas
911 2672 1075 2723 ejusdem
1096 2672 1221 2722 stirpis
1249 2672 1571 2723 indo-europaeae

1315 2750 1330 2781 1
