1824 2889
882 106 905 144 8

172 226 412 277 antiquitatis
441 226 553 266 liceat
590 226 695 266 nobis
731 226 844 266 verba
882 226 1011 266 afferre
1048 226 1259 277 philosophi
1295 227 1442 267 nostrae
1477 225 1611 266 aetatis

171 293 245 331 huc
273 292 493 342 spectantia.
552 291 678 340 Quum
707 292 807 330 enim
834 292 1005 343 linguam
1033 292 1177 342 generis
1205 292 1360 331 humani
1387 292 1481 331 nihil
1509 291 1612 330 aliud

170 357 387 408 intellegere
415 357 556 408 possim
585 369 699 408 quam
728 358 849 397 ortam
874 369 916 396 ex
935 357 1059 397 mente
1080 356 1239 397 hominis
1259 357 1298 396 in
1317 357 1394 397 dies
1415 357 1610 404 crescente,

171 424 245 462 loci
272 424 451 462 nimirum
485 424 524 462 et
558 423 735 473 temporis
774 423 1047 462 conditionibus
1083 434 1348 473 nonnunquam
1384 422 1612 462 interceden—

172 489 294 536 tibus,
338 500 447 540 aegre
486 488 713 536 abstineam,
757 488 846 538 quin
884 488 923 527 in
961 488 1174 527 universum
1207 488 1241 527 ei
1270 488 1460 528 assentiar.
1518 487 1614 528 Sunt

172 555 300 594 autem
338 555 452 594 verba
486 554 718 605 Ueberwegii
747 554 856 594 haec:
890 554 989 601 „Der
1026 554 1140 594 Dativ
1177 554 1390 594 bezeichnet
1427 554 1493 594 das
1526 553 1611 600 Wo,

173 620 315 659 Woran
354 619 431 658 und
467 619 632 667 Womit,
678 619 765 658 oder
804 619 873 658 den
913 619 1002 667 Ort,
1042 619 1101 658 die
1135 619 1400 671 Bestimmung
1436 619 1512 658 und
1547 618 1613 658 das

173 686 302 725 Mittel
322 686 385 725 der
405 685 637 736 Thatigkeit,
659 685 776 725 wobei
795 685 854 724 die
883 686 1031 725 causale
1049 685 1263 736 Beziehung
1290 686 1362 725 mit
1390 685 1454 725 der
1471 685 1614 725 localen

174 752 439 801 ursprunglich
468 752 603 790 ebenso
630 751 856 790 verflochten
884 751 946 798 ist,
976 751 1043 789 wie
1073 751 1151 790 sich
1174 751 1270 790 auch
1288 751 1348 790 bei
1368 751 1432 790 der
1450 751 1615 801 Bildung

174 829 246 856 von
276 817 694 867 Einzelvorstellungen‚
724 816 912 867 Begriffen
948 829 983 855 u.
1019 829 1047 856 s.
1078 828 1136 864 wa,
1177 817 1387 867 fiberhaupt
1421 817 1481 856 bei
1518 816 1614 856 allen

174 882 367 932 logischen
387 882 645 932 Operationen,
667 882 739 920 mit
759 882 844 920 dem
866 882 1264 921 raumlich-zeitlichen
1283 882 1391 921 Bilde
1410 883 1612 928 Elemente,

175 947 234 986 die
262 959 330 986 aus
351 947 415 986 der
434 948 583 986 inneren
607 947 919 998 Wahrnehmung
938 947 1200 995 herstammen,
1230 948 1452 987 verflechten
1480 949 1576 987 etc.“
1589 947 1614 997 ¹)

172 1013 252 1062 Quo
281 1013 397 1051 modo
427 1013 542 1051 etiam
571 1013 761 1063 explicem,
792 1024 865 1062 quo
894 1012 944 1051 sit
972 1013 1127 1060 factum,
1158 1014 1202 1052 ut
1220 1013 1515 1052 instrumentalis
1534 1013 1615 1051 loco

170 1079 427 1118 intercesserit
455 1076 637 1118 ldcativus
667 1079 705 1118 et
733 1079 797 1129 qui
835 1089 961 1117 secum
1000 1078 1220 1119 cohaereant
1256 1078 1416 1118 maxime
1452 1078 1491 1118 in
1529 1089 1615 1118 con-

175 1145 281 1184 tinua
319 1145 564 1195 explicatione
603 1145 883 1195 significationis
922 1145 1231 1184 instrumentalis.
1288 1146 1453 1184 Tantum
1490 1144 1615 1184 autem

174 1211 292 1258 abest,
332 1211 376 1250 ut
414 1210 590 1250 artiorem
637 1210 940 1261 compositionem
978 1210 1183 1250 desiderem
1220 1211 1312 1250 artis
1350 1210 1616 1262 grammaticae

177 1289 264 1315 cum
292 1276 565 1326 philosophica,
605 1278 649 1315 ut
681 1276 777 1315 illud
815 1277 964 1315 tantum
1003 1277 1047 1315 de
1082 1277 1152 1316 hac
1190 1277 1422 1327 depromam,
1462 1275 1560 1326 quod
1594 1288 1616 1315 a

176 1343 411 1393 singularum
437 1354 563 1381 rerum
599 1342 808 1393 cognitione
847 1342 1010 1382 adducat
1045 1343 1093 1381 ad
1131 1342 1380 1396 principalem·
1407 1342 1614 1382 veritatem.

285 1407 339 1447 Ut
374 1420 460 1447 vero
502 1408 731 1458 complectar
769 1408 896 1458 paucis
937 1408 1026 1458 quid
1065 1420 1232 1447 censeam
1269 1408 1314 1447 de
1350 1408 1616 1447 consociatione

171 1474 475 1513 instrumentalis
506 1486 592 1513 cum
620 1474 782 1513 locativo
812 1475 850 1512 et
879 1474 1016 1521 dativo,
1047 1475 1134 1513 ante
1163 1474 1286 1513 omnia
1320 1474 1381 1513 hic
1416 1474 1617 1513 tenendum

172 1539 325 1578 videtur
353 1539 623 1589 antiquissimis
660 1539 892 1589 temporibus
928 1539 966 1578 in
1005 1540 1262 1579 constituendo
1298 1551 1464 1579 sermone
1502 1552 1617 1589 quum

173 1606 301 1644 locum
330 1606 368 1645 et
396 1606 544 1655 tempus
580 1606 665 1644 tum
702 1605 919 1645 societatem
947 1606 1148 1656 respexisse
1176 1605 1353 1645 homines.
1399 1606 1529 1656 Neque
1548 1605 1617 1644 hoc

178 1672 343 1710 alienum
373 1684 394 1709 a
422 1684 548 1710 rerum
576 1672 722 1709 natura.
781 1671 906 1719 Quum
931 1672 1029 1710 enim
1058 1672 1187 1722 lingua
1214 1672 1253 1709 in
1281 1671 1468 1712 societate
1497 1671 1616 1709 homi-

180 1748 270 1775 num
306 1737 457 1776 tantum
491 1736 696 1776 adoleverit
734 1737 773 1775 et
808 1736 992 1787 explicata
1029 1736 1097 1780 sit.
1137 1737 1185 1776 ad
1220 1736 1503 1788 significandam
1537 1748 1619 1775 eam

178 1803 298 1852 ipsam
338 1803 555 1842 societatem
587 1803 669 1853 jam
707 1803 745 1841 in
785 1803 979 1841 cunabulis
1017 1804 1212 1853 tamquam
1249 1803 1398 1853 linguae
1436 1802 1619 1841 exstitisse

177 1868 317 1907 formas
359 1868 449 1907 licet
492 1868 668 1907 divinare.
733 1868 960 1919 Plerumque
1002 1869 1129 1908 autern
1168 1881 1253 1908 cum
1291 1869 1468 1908 societate
1506 1868 1619 1908 simul

177 1935 281 1972 locus
311 1935 349 1972 et
387 1935 536 1984 tempus
573 1934 892 1985 significabantur,
933 1947 1090 1984 quorum
1128 1935 1231 1974 brevi
1268 1935 1389 1985 magis
1426 1935 1619 1985 magisque

175 1999 362 2038 rationem
391 1999 580 2038 habebant
608 2000 646 2038 et
674 2000 931 2049 praeferebant
959 2000 1109 2047 formas,
1150 2012 1244 2051 quae
1272 2012 1337 2050 pro
1366 2000 1423 2039 his
1452 2000 1617 2039 aderant.

176 2066 220 2103 In
249 2065 408 2115 singulis
438 2065 578 2115 linguis
607 2065 754 2103 omnino
790 2066 972 2104 naturalis
1007 2066 1063 2104 vis
1101 2066 1397 2104 instrumentalis
1430 2066 1511 2115 Jam
1547 2077 1619 2104 non

176 2130 372 2180 perspicua
401 2129 484 2177 fuit,
515 2130 559 2169 ut
588 2130 666 2182 ejus
694 2130 822 2170 formis
840 2130 933 2170 alias
954 2142 1099 2182 quoque
1119 2131 1407 2183 significationes
1428 2130 1617 2170 adderent.

178 2284 250 2324 111.
291 2283 487 2330 Quomodo
514 2283 830 2325 instrumentalis
859 2283 1096 2326 adhibeatur
1124 2284 1165 2326 et
1193 2295 1289 2338 quas
1318 2296 1448 2326 secum
1475 2284 1621 2326 habeat

738 2351 1059 2403 praepositiones.

286 2436 538 2486 Principalem
567 2436 643 2475 vim
672 2436 968 2476 instrumentalis
998 2449 1040 2476 ex
1068 2449 1246 2476 consensu
1272 2437 1503 2477 eruditorum
1522 2437 1619 2477 viro-

177 2514 262 2541 rum
290 2503 437 2541 nostrae
457 2501 593 2541 aetatis
612 2502 719 2540 illam
740 2503 941 2549 societatis,
964 2503 1165 2542 comitatus
1186 2503 1459 2542 constituimus.
1500 2503 1619 2551 Quem

269 2622 292 2661 ¹)
316 2620 500 2664 Ueberweg
524 2621 655 2664 System
681 2620 739 2654 der
764 2622 872 2665 Logik
897 2622 993 2655 Bonn
1020 2623 1111 2661 1868,
1138 2623 1166 2655 3.
1190 2622 1273 2655 Aufl.
1298 2630 1373 2665 pag.
1402 2622 1462 2655 157
1486 2632 1534 2665 sq.
1560 2622 1617 2656 cfr.

180 2666 289 2704 etiam,
316 2675 398 2708 quae
422 2665 511 2699 idem
536 2666 576 2699 de
601 2676 734 2700 casuum
760 2667 887 2711 origine
908 2666 1073 2709 judicavit
1095 2677 1172 2710 pag.
1201 2667 1270 2699 162.
