1824 2889
913 91 965 132 30

412 223 440 242 ω
463 210 531 243 527
556 211 647 252 (011111
670 211 810 252 ξίφεσιν)
830 213 973 255 μακρῇσι
995 212 1154 256 ἐγχείῃσιν
1178 209 1211 243 N
1230 211 1292 243 782
1312 210 1483 254 ῥοπάλοισι
1507 208 1551 253 [Λ
1574 209 1654 252 561]

416 266 580 310 φασγάνῳ
599 278 625 310 χ
648 266 689 299 98
713 266 779 303 ὀξέι
796 266 915 310 χαλκῷ
937 264 972 298 Χ
991 267 1031 300 67
1055 268 1202 310 ἐρετμοῖς
1222 267 1244 298 δ
1263 266 1337 306 580,
1361 279 1371 298 ι
1396 267 1467 306 104,
1494 266 1566 306 180,
1581 266 1657 305 472,

418 321 482 353 564
508 321 545 362 [μ
564 320 641 362 147]
668 333 693 360 μ
719 321 781 353 180
803 321 943 364 κώπῃσιν
971 333 996 360 μ
1018 322 1082 353 214
1101 322 1241 364 μετώπῳ
1266 332 1292 364 χ
1314 321 1356 353 86
1381 321 1512 352 πόδεσσι
1541 320 1574 351 Ψ
1593 321 1656 352 764

416 375 539 419 βαθείῃ
564 375 693 407 λαίλαπι
717 374 742 407 Λ
767 375 842 415 306,

351 431 474 462 ὠθέω
492 431 607 474 χερσίν
630 443 639 462 ι
662 430 725 463 305
744 431 829 474 χειρὶ
853 429 884 462 Ζ
903 431 943 463 62
963 431 1049 474 χειρὶ
1067 431 1196 475 μεγάλῃ
1225 431 1250 462 0
1272 431 1335 463 695
1360 431 1436 462 ποδί
1449 441 1474 473 χ
1497 430 1548 469 20,

289 494 319 526 3.
355 495 466 534 ἀνιάω,
489 495 618 534 ἀνιάζω,
647 495 760 536 βιάζω,
784 496 909 535 δαμάω,
940 496 1082 536 δαμάζω,
1112 496 1256 539 δάμνημι,
1279 495 1407 540 ἐπείγω,
1430 495 1533 539 κήδω,
1553 495 1657 534 πιέζω,

352 550 477 589 στείνω,
508 551 604 593 τειρω
628 569 668 574 ——
693 551 791 590 ὰδέω,
822 551 989 595 ἀρημένος,
1022 549 1175 594 ἄχθομαι,
1203 551 1327 593 βαρέω,
1356 550 1500 593 βαρύνω,
1532 550 1653 593 βρίθω,

347 605 453 647 βρύω,
484 605 633 644 θαλέθω,
664 605 791 644 θάλλω,
822 606 934 647 κυφός,
957 605 1130 644 μυδαλέας,
1151 606 1277 644 μεθύω,
1300 605 1388 644 ναίω,
1411 605 1540 643 οῖδάνω,
1564 604 1652 644 πίων,

346 659 425 701 ῥέω,
458 659 588 702 φρίσσω
622 679 661 683 —
697 660 772 699 δέω,
803 660 917 703 δίδημι,
948 659 1047 702 ἔργω,
1081 659 1168 699 εἴλω,
1204 659 1359 707 θριγκόω,
1394 659 1504 703 κληίω,
1535 659 1656 699 πεδάω,

349 715 488 754 πυκάζω,
514 715 647 754 πυκινός,
671 715 818 758 σφηκόω,
841 715 984 757 φράσσω
1009 733 1048 738 -
1073 713 1133 754 ἅω,
1159 716 1336 757 κορέννυμι,
1361 714 1522 758 πίμπλημι·

349 769 481 800 ἀνιάω
506 769 684 812 ὀρυμαγδῷ
705 780 727 800 α
752 769 814 802 133
839 780 936 801 τοι..
962 770 1112 811 παρέοντι
1134 780 1153 801 o
1177 769 1253 808 335,

351 824 513 860 ἀνιάζω
536 824 721 856 κτεάτεσσιν
745 822 773 856 Σ
791 823 866 864 300,

348 878 484 918 βιάζω
511 878 661 918 βελέεσσι
696 877 722 910 Λ
746 878 820 917 589,
861 878 885 910 0
909 879 982 917 7:27,
1019 877 1050 910 Il
1072 879 1132 911 102
1169 881 1319 911 πυκινοῖσι
1347 878 1513 918 βελέεσσιν
1545 876 1570 909 Λ
1596 877 1659 909 576

420 932 576 972 ψεύδεσσι
604 932 637 964 Ψ
655 933 718 965 576
743 952 783 956 -
802 933 915 976 χάρμῃ
941 931 971 964 Π
991 933 1055 965 823
1079 933 1195 965 localis
1219 932 1360 971 videtur,

351 986 513 1026 δαμάω,
537 987 734 1026 δαμάζω,
758 988 948 1030 δάμνημι.

329 1052 369 1092 Si
404 1053 601 1092 verborum
639 1053 786 1105 δαμάω,
826 1053 1000 1105 δαμάζω,
1040 1053 1206 1108 δάμνημι,
1246 1053 1374 1106 τειρω,
1417 1053 1576 1092 maxime
1614 1052 1661 1091 ad

219 1117 409 1168 passivam
446 1118 623 1166 formam,
664 1120 731 1158 aut
768 1118 816 1157 ad
854 1119 1018 1157 activam
1053 1119 1112 1157 vel
1140 1119 1302 1157 mediam
1332 1117 1510 1171 θνήσκειν,
1541 1116 1662 1169 ὅλλυμι

220 1183 379 1223 aliorum
407 1184 606 1223 verborum
635 1183 780 1223 accedit
807 1184 1031 1234 praepositio
1061 1184 1131 1222 ὑπὸ
1161 1184 1366 1223 cavendum
1404 1184 1478 1231 est,
1509 1195 1563 1227 ,ne
1592 1183 1662 1222 tri-

219 1249 380 1287 buamus
410 1250 582 1288 omnibus
612 1249 703 1289 locis
732 1250 880 1295 dativo;
910 1249 1098 1288 invenitur
1126 1249 1223 1288 enim
1247 1249 1356 1299 juxta
1384 1248 1554 1299 dativum
1581 1249 1661 1298 ple-

222 1326 381 1365 rumque
417 1314 624 1365 genitivus,
664 1327 685 1353 a
724 1327 796 1364 quo
825 1315 1047 1364 praepositio
1086 1326 1193 1364 saepe
1228 1326 1300 1353 non
1338 1314 1541 1364 separanda
1578 1313 1660 1360 erit,

220 1391 338 1429 quum
367 1380 438 1418 hac
467 1379 723 1430 conjunctione
752 1379 1003 1430 significetur,
1040 1379 1137 1418 unde
1178 1378 1320 1429 aliquid
1355 1378 1474 1418 oritur
1512 1378 1593 1430 (cfr.
1622 1378 1659 1417 J.

219 1444 274 1484 La
302 1445 429 1485 Roche
457 1445 659 1485 Beobacht.
691 1446 761 1484 etc.
792 1444 876 1495 pag.
907 1446 958 1484 24
988 1445 1073 1495 sq.).
1132 1444 1252 1493 Quare
1266 1440 1347 1496 jam
1366 1444 1537 1495 plurimis
1556 1443 1659 1491 locis,

220 1510 286 1549 ubi
315 1510 384 1548 ὑπὸ
407 1510 553 1564 χερσίν,
583 1510 653 1549 ὑπὸ
682 1510 788 1563 δουρὶ
816 1510 891 1549 alia
929 1511 1109 1561 apparent
1143 1521 1217 1549 una
1256 1521 1343 1549 cum
1377 1509 1541 1561 genitivo
1578 1521 1661 1559 per-

220 1588 331 1615 sonae
360 1576 568 1625 efficientis,
599 1576 668 1615 ὑπὸ
697 1588 769 1616 11011
798 1576 919 1628 magis
953 1576 1001 1615 ad
1023 1575 1167 1630 χερσίν,
1198 1576 1307 1629 δουρί
1342 1588 1457 1627 quam
1494 1575 1542 1615 ad
1579 1587 1662 1626 per—

221 1654 350 1681 sonam
378 1643 511 1681 referre
540 1642 683 1681 malim.
742 1642 872 1681 Talem
901 1654 1013 1680 usum
1041 1653 1113 1680 non
1137 1642 1307 1692 ignorare
1330 1643 1479 1691 poetam
1498 1641 1664 1680 indicant

219 1707 292 1745 loci
324 1707 363 1745 Z
389 1708 478 1755 135,
510 1708 547 1745 Ζ
573 1709 636 1754 74,
672 1707 705 1744 P
729 1709 821 1754 320,
853 1707 980 1757 337¹),
1011 1721 1034 1757 r
1060 1708 1151 1755 235,
1181 1722 1203 1745 κ
1230 1709 1293 1746 79.

331 1772 456 1824 Aegre
485 1772 558 1812 fert
590 1773 711 1823 poeta,
749 1784 843 1823 quae
878 1772 976 1811 inter
1013 1784 1051 1811 se
1089 1771 1227 1811 similia
1264 1767 1497 1819 videantur(
1515 1771 1665 1811 reddere

220 1849 294 1876 una
323 1838 526 1888 eademque
554 1838 686 1876 forma.
755 1838 809 1876 Ex
846 1837 1101 1888 conjunctione
1137 1849 1180 1876 ea
1218 1837 1335 1876 dativi
1369 1836 1664 1876 instrumentalis

222 1914 307 1942 cum
338 1903 503 1954 genitivo
532 1914 708 1953 personae
737 1902 930 1942 efficientis
968 1902 1095 1942 addito
1134 1902 1204 1941 ὑπὸ
1240 1903 1394 1953 apparet
1428 1903 1523 1942 hanc
1558 1914 1664 1953 prae-

220 1969 446 2018 positionem
465 1969 635 2008 liberiore
655 1968 817 2019 quodam
836 1968 946 2007 modo
966 1968 1175 2007 adhibitam
1195 1980 1274 2007 esse
1293 1968 1359 2007 ubi
1376 1968 1666 2008 instrumentum

224 2034 466 2085 conjunctum
499 2035 556 2073 est
593 2045 680 2073 cum
718 2033 933 2084 pronomine
971 2033 1196 2084 possessivo,
1235 2033 1335 2084 quod
1372 2034 1456 2073 tum
1493 2044 1667 2084 personae

220 2099 302 2138 vice
331 2100 514 2150 fungitur,
544 2100 644 2138 haud
672 2099 831 2149 saepius.
889 2099 1031 2138 Deinde
1067 2100 1105 2138 et
1141 2099 1189 2138 ad
1224 2111 1398 2149 personas
1433 2100 1472 2139 et
1508 2111 1584 2147 res,
1624 2100 1668 2137 ut

220 2164 475 2204 instrumenta
503 2164 660 2212 indicet,
698 2164 842 2204 accedit
879 2164 1103 2214 praepositio
1140 2164 1209 2203 ὑπὸ
1247 2164 1366 2204 dativi
1404 2164 1543 2203 formae
1582 2175 1667 2204 con-

215 2230 361 2281 juncta,
392 2241 622 2281 quamquam
655 2230 735 2270 sola
769 2230 889 2269 forma
926 2230 985 2269 est
1019 2229 1205 2269 usitatior.
1262 2230 1434 2269 Eundem
1469 2242 1667 2281 cognoscas

221 2308 334 2334 usum
363 2296 402 2334 in
430 2296 652 2335 Latinorum
680 2307 859 2344 sermone,
889 2296 934 2334 ut
963 2307 1228 2347 componamus
1260 2296 1330 2344 „ab
1351 2296 1476 2346 aliquo
1496 2295 1662 2335 domari“

222 2374 312 2401 cum
341 2361 411 2400 ὑπό
441 2375 533 2407 τινος
559 2361 730 2414 δαμῆναι,
760 2361 829 2399 ὑπό
852 2360 914 2400 reb?
932 2361 1090 2414 δαμῆναι
1110 2373 1197 2400 011111
1214 2361 1363 2401 notione
1395 2373 1484 2412 „per
1505 2361 1669 2411 aliquem

312 2516 336 2556 ¹)
360 2514 495 2557 Trojani
518 2514 570 2547 hic
593 2523 659 2546 non
682 2514 829 2556 ipsorum
851 2513 1057 2552 infirmitate,
1082 2513 1110 2546 si
1134 2512 1284 2547 funditus
1307 2513 1401 2547 locos
1427 2515 1580 2547 excutere
1603 2523 1659 2546 vo-

220 2557 331 2597 lueris,
347 2558 474 2592 -domiti
498 2560 575 2591 sunt
599 2558 675 2600 (hoc
699 2558 785 2591 enim
809 2557 1011 2599 absurdum),
1042 2557 1101 2591 sed
1124 2568 1183 2599 per
1206 2557 1356 2600 Argivos,
1384 2558 1440 2591 vel
1465 2557 1506 2591 ab
1523 2558 1657 2600 Argivis

221 2602 703 2690 32’i23483213dnfirmitatem3
733 2602 841 2635 minus
871 2604 961 2634 recte
991 2601 1033 2634 ad
1065 2602 1270 2645 εἷςανέβησαν
1300 2602 1457 2634 retuleris
1482 2602 1661 2646 ἀρηιφὶλων
