1824 2889
857 89 882 126 4

147 207 306 246 formam
334 206 451 246 dativi
477 206 693 254 coaluerint,
724 193 886 247 an'haec
903 207 1022 247 forma
1042 207 1189 246 omnino
1209 207 1325 247 dativi
1345 207 1405 255 sit,
1434 207 1579 247 contro-

146 272 267 311 versia
286 272 400 312 etiam
421 272 478 311 est
499 272 723 311 difficillima
743 272 960 324 dijudicatu.
1008 272 1167 322 Propius
1186 273 1384 312 veritatem
1409 272 1580 312 accedere

146 338 353 386 videantur,
384 339 449 388 qui
475 338 604 377 localis
632 338 792 377 formam
812 338 1113 389 interpretantur,
1144 339 1185 378 at
1210 338 1248 378 in
1267 339 1448 389 quasdam
1469 339 1579 388 certe,

146 404 364 454 praesertim
393 405 521 443 contra
548 403 685 443 formas
713 404 751 443 in
781 418 807 457 ᾳ
837 405 894 457 (ῃ)
931 405 969 444 et
1006 419 1039 456 ῳ
1068 405 1259 452 exeuntes,
1297 417 1318 444 a
1353 405 1394 444 L.
1432 405 1579 455 Meyero

147 471 226 509 tam
255 481 385 520 graves
413 469 552 508 allatae
581 470 668 508 sunt
697 481 847 517 causae,
883 471 926 509 ut
955 470 999 509 de
1029 481 1069 508 eo
1098 469 1213 508 etiam
1242 470 1489 509 dubitandum
1517 470 1578 517 sit,

146 536 184 574 et
212 535 312 574 haud
341 535 417 574 scio
446 547 504 583 an,
535 546 627 585 quas
659 535 832 585 Meyerus
862 535 986 574 dativo
1015 535 1131 574 tribui
1156 535 1241 574 vult
1259 535 1408 584 formas,
1438 535 1580 574 dandae

146 601 222 640 sint
248 600 538 649 instrumentali,
569 600 703 651 quibus
733 601 885 640 demum
912 601 1190 640 instrumentali
1217 601 1298 652 jam
1333 613 1375 641 ex
1402 600 1581 640 memoria

146 668 270 717 elapso
303 669 317 705 i
345 667 462 706 dativi
500 667 650 717 signum
685 666 915 717 adscriptum
951 667 1027 706 sit?
1083 667 1153 705 His
1189 667 1288 706 enim
1322 667 1414 718 ipsis
1451 667 1580 706 formis

145 733 267 772 multo
295 732 591 782 frequentissime
613 733 789 783 jungitur
816 733 992 772 suffixum
1021 747 1092 785 φιν,
1123 748 1174 785 φι,
1210 733 1314 784 cujus
1351 733 1407 772 vis
1444 732 1580 783 princi-

144 799 240 849 palis
269 810 291 837 a
318 798 407 837 viris
441 798 596 838 eruditis
633 798 683 849 (v.
714 799 756 849 i.)
795 799 1093 838 instrumentalis
1130 799 1306 847 habetur,
1345 799 1428 838 tum
1466 799 1581 838 etiam

144 865 287 904 restant
315 864 455 904 formae
488 864 587 915 apud
614 864 823 903 Homerum
857 864 896 903 in
925 880 947 918 η
983 865 1022 904 et
1050 880 1082 902 ω
1118 865 1309 912 exeuntes,
1347 876 1438 915 quas
1477 876 1577 904 com-

144 932 293 981 paratas
323 943 408 970 cum
437 930 621 970 similibus
650 930 689 969 in
717 930 881 981 ejusdem
911 930 1036 981 stirpis
1065 930 1221 981 linguis,
1261 931 1305 970 ut
1341 943 1426 970 cum
1461 931 1581 970 forma

144 996 167 1035 a
194 996 232 1035 in
260 996 606 1043 Palaeo-Indorum,
638 996 698 1035 0111
721 996 858 1035 addam
877 1010 910 1048 a,
936 1010 956 1047 e
979 996 1116 1034 formas
1135 996 1174 1034 in
1193 997 1419 1035 Polonorum
1438 996 1577 1047 lingua,

146 1062 224 1101 fieri
260 1074 333 1101 non
370 1062 512 1112 potuit,
556 1062 645 1111 quin
682 1062 905 1100 vindicarint
942 1062 1221 1101 instrumentali
1230 1062 1267 1112 ¹).
1333 1062 1580 1112 Nequaquam

143 1127 272 1166 autem
314 1127 498 1167 Gerlando
542 1127 738 1174 assentiar,
784 1127 848 1176 qui
891 1127 1061 1166 dativum
1103 1128 1141 1166 et
1177 1127 1501 1166 instrumentalem
1538 1138 1580 1166 ex

143 1192 303 1232 locativo
333 1193 433 1232 ortos
462 1204 540 1231 esse
569 1192 777 1239 existimat,
817 1204 936 1241 neque
965 1192 1063 1231 enim
1093 1204 1242 1240 causae,
1283 1204 1374 1242 quas
1412 1192 1460 1231 ad
1494 1204 1579 1231 con-

142 1258 365 1297 firmandam
393 1270 500 1297 suam
534 1258 665 1297 attulit
701 1258 942 1305 sententiam,
981 1257 1201 1308 persuadere
1236 1257 1329 1296 mihi
1365 1258 1578 1308 potuerunt,

142 1325 180 1363 id
209 1325 308 1375 quod
335 1325 432 1363 infra
461 1324 784 1364 demonstraturus
814 1336 909 1372 sum,
940 1325 978 1363 et
1010 1324 1082 1363 alio
1118 1324 1198 1363 1000
1209 1324 1240 1375 2)
1278 1324 1356 1375 ipse
1395 1324 1579 1364 confessus

143 1392 200 1431 est
227 1391 480 1431 verisimiliter
507 1390 614 1430 initio
647 1391 807 1430 localem
843 1391 881 1430 et
915 1390 1238 1430 instrumentalem
1278 1391 1376 1430 certe
1413 1390 1579 1441 proprios

143 1468 250 1496 casus
277 1457 403 1504 fuisse,
434 1469 553 1507 quum
582 1468 711 1495 eorum
739 1456 958 1495 exsisterent
986 1457 1118 1496 suffixa
1147 1471 1187 1508 φι
1216 1457 1253 1495 et
1282 1455 1330 1494 292.
1381 1456 1579 1505 Utcunque

141 1535 199 1562 res
228 1535 267 1562 se
295 1523 419 1571 habet,
450 1522 528 1562 sine
557 1522 669 1561 dubio
698 1522 846 1572 propria
879 1522 934 1561 vis
970 1522 1259 1573 uniuscujusque
1294 1521 1411 1561 trium
1445 1521 1579 1560 horum

143 1599 297 1626 casuum
325 1588 497 1626 omnibus
525 1588 654 1626 formis
683 1587 791 1634 inest,
823 1599 914 1637 quas
944 1587 1062 1626 dativi
1099 1587 1286 1637 appellare
1321 1587 1500 1633 solemus;
1537 1598 1579 1625 ex

141 1655 246 1704 parte
265 1654 335 1693 hoc
357 1653 430 1692 dici
449 1654 573 1703 potest
593 1652 707 1692 etiam
736 1653 780 1692 de
810 1653 940 1692 suffixo
970 1668 1022 1706 φι,
1052 1668 1125 1705 φιν,
1155 1652 1254 1703 quod
1272 1653 1419 1703 praeter
1437 1652 1578 1692 instru-

141 1720 344 1759 mentalem
387 1731 472 1758 cum
515 1719 678 1758 ablativo
722 1719 760 1758 et
799 1719 908 1757 locali
947 1719 1201 1769 conjungitur,
1242 1718 1371 1757 dubito
1410 1730 1457 1757 an
1493 1730 1578 1757 cum

142 1785 267 1825 dativo
296 1785 429 1832 etiam,
460 1797 577 1835 quum
605 1797 740 1833 unum,
772 1796 883 1835 quem
911 1784 1042 1824 attulit
1070 1784 1195 1824 locum
1212 1778 1490 1833 Uelbrfickius,
1520 1784 1577 1823 in-

142 1852 426 1890 strumentalem
454 1850 727 1900 interprete1·³),
758 1862 850 1900 quos
879 1852 1006 1889 autem
1035 1851 1302 1901 commemorat
1329 1850 1521 1889 Lissnerus
1532 1850 1575 1901 4),

141 1917 241 1955 recte
269 1916 333 1954 ille
362 1916 400 1954 et
428 1915 592 1954 ablativo
622 1916 659 1954 et
686 1915 962 1955 instrumentali
984 1916 1022 1954 et
1041 1915 1152 1954 locali
1171 1915 1265 1954 mihi
1283 1915 1431 1954 videtur
1449 1915 1577 1954 distri-

141 1982 276 2021 buisse.
334 1981 444 2020 Falso
480 1992 565 2020 vero
596 1980 741 2032 judicat
775 1981 889 2020 schol.
919 1980 955 2020 A
984 1981 1032 2020 ad
1061 1981 1098 2020 N
1115 1982 1192 2021 588
1229 1996 1269 2034 φι
1303 1992 1369 2031 pro
1406 1980 1576 2020 omnibus

141 2048 326 2087 usitatum
354 2046 467 2086 fuisse
497 2046 643 2086 casibus
654 2046 684 2098 ⁵)
721 2047 819 2097 quod
855 2046 1004 2097 quidem
1037 2047 1085 2086 ad
1113 2047 1338 2094 Homerum,
1378 2046 1577 2097 posteriore

232 2212 256 2251 ¹)
282 2210 337 2242 cfr.
363 2209 430 2242 Leo
455 2209 568 2251 Meyer
595 2208 693 2241 Gedr.
718 2209 830 2250 Vergl.
855 2219 930 2251 pag.
956 2210 997 2242 53
1022 2219 1080 2250 sq.,
1104 2209 1162 2241 ubi
1185 2211 1334 2242 nostrum
1360 2209 1471 2247 „wie“,
1498 2213 1573 2247 „so“

142 2264 215 2286 cum
247 2252 411 2286 similibus
447 2263 607 2294 compono
641 2252 840 2285 Graecorum
870 2251 946 2296 ᾦδε,
972 2256 1020 2296 τῷ
1042 2253 1178 2293 (rectius
1204 2254 1278 2291 ὦδε,
1303 2256 1349 2285 τῶ
1373 2252 1429 2285 cfr.
1460 2253 1573 2294 infra).

142 2298 297 2330 Ceterum
328 2297 451 2329 formae
482 2298 520 2329 ut
552 2295 628 2334 ἅνω,
659 2298 746 2329 κάτω
776 2297 829 2329 vix
859 2297 957 2329 aliter
987 2307 1023 2329 ac
1054 2296 1160 2329 forma
1191 2299 1225 2329 et
1248 2297 1279 2329 vi
1302 2296 1573 2329 instrumentales

141 2342 298 2383 explicari
321 2341 460 2383 possint.

228 2388 254 2426 ²)
281 2385 427 2418 Gerland
450 2385 519 2417 Der
542 2385 795 2426 altgriechische
819 2385 922 2417 Dativ
945 2395 1021 2427 pag.
1043 2386 1099 2417 18:
1137 2385 1442 2422 „Wahrscheinlich
1466 2395 1574 2418 waren

141 2430 204 2462 wol
239 2429 379 2470 anfangs
411 2428 543 2461 Localis
583 2428 650 2460 und
681 2429 950 2461 Instrumentalis
987 2429 1186 2470 wenigstens
1217 2429 1446 2470 selbstandige
1471 2428 1574 2462 Casus

141 2472 246 2505 neben
271 2472 437 2511 einander,
463 2472 506 2505 da
529 2472 588 2505 wir
612 2472 664 2504 fur
688 2473 735 2505 sie
758 2473 844 2505 noch
868 2472 990 2505 Suffixe
1014 2474 1049 2504 291
1072 2472 1139 2505 und
1162 2485 1198 2514 φι
1222 2473 1372 2505 erhalten
1395 2471 1536 2505 haben“.

228 2519 254 2557 3)
279 2517 336 2549 cfr.
361 2516 421 2548 sub
445 2516 693 2549 instrumentali
717 2516 876 2549 sociative
900 2526 976 2558 pag.
1004 2518 1052 2548 11.

227 2564 240 2582 4
388 2561 395 2567 .
618 2561 627 2572 ,
687 2563 700 2569 ..

228 2562 253 2644 ⁶3
278 2561 335 2636 {f}
356 2560 496 2636 1332}
515 2560 791 2636 {lirrecllfkg'iligrlig
803 2560 1053 2636 Ιῗῂἓθὲὃῗὲὼῗῦ
1078 2603 1127 2635 La
1149 2603 1276 2642 Roobe,
1306 2604 1374 2635 Der
1397 2603 1572 2636 Accusativ

139 2648 184 2680 im
208 2647 342 2681 Homer'
364 2648 471 2680 initio.
