1824 2889
877 102 977 156 25¹

258 258 294 294 2.
337 255 745 295 Instrumentalis
783 255 1012 306 proprius
1049 255 1122 294 vel
1160 254 1541 295 instrumentum

739 320 1054 372 significans.

292 397 483 447 Quomodo
512 409 531 437 e
559 397 754 449 principali
781 398 819 438 vi
846 397 1142 438 instrumentalis
1179 398 1367 437 societatis
1404 398 1530 437 exorta
1564 397 1614 436 sit

182 476 226 503 ea
253 463 544 503 instrumentum
562 463 687 514 ipsum
706 463 931 514 significans,
961 475 1033 514 quo
1062 463 1151 514 quid
1179 463 1378 513 perficitur,
1408 474 1520 513 supra
1532 463 1613 513 jam

181 529 514 568 conmemoratum
542 529 611 568 est.
668 529 751 568 Hoc
787 528 1083 569 instrumentalis
1119 540 1253 580 genus,
1291 528 1389 578 quod
1423 527 1612 578 proprium

180 594 300 645 magis
336 606 377 633 ex
409 594 655 645 frequentiore
690 606 760 633 usu
795 606 908 645 quam
943 607 981 634 re
1020 594 1197 642 diximus,
1237 594 1351 633 etiam
1384 594 1422 632 in
1459 593 1614 633 Homeri

181 659 405 699 carminibus
424 660 606 699 latissime
624 661 730 710 patet
749 672 836 699 cum
854 660 1010 710 passivis
1039 661 1077 699 et
1105 660 1236 699 activis
1265 660 1461 699 verborum
1484 659 1612 698 formis

131 736 143 745 ⁵
180 724 431 776 conjunctum.
503 725 629 764 Minus
669 726 881 776 frequenter
928 726 990 764 hic
1040 725 1329 775 praepositiones
1371 724 1610 770 adhibentur3

179 791 324 842 praeter
350 790 419 829 ὑπὸ
438 790 758 842 praepositionem,
790 791 894 843 cujus
922 791 1104 831 naturalis
1135 791 1188 831 vis
1218 790 1347 830 localis
1376 790 1434 830 est
1462 791 1500 829 et
1519 801 1611 840 quae

179 856 338 897 maxime
375 857 497 897 verbis
529 857 703 913 jungitur
739 858 954 908 superandi,
999 857 1063 897 σὺν
1101 857 1296 908 aliquoties
1334 857 1488 907 apparet
1525 868 1610 895 cum

179 923 289 963 verbo
318 921 521 976 θωρήσσω,
550 924 665 962 6611161
694 936 779 963 611111
802 924 1027 977 [ιαρμαᾲιως
1057 924 1114 963 bis
1143 924 1249 963 adest
1278 923 1353 975 ἅμα
1382 922 1609 969 adverbium,

179 988 239 1040 (H
268 989 344 1028 255
392 988 430 1026 Ψ
459 989 554 1040 686)
593 989 738 1039 saepius
771 990 864 1042 μετὰ
901 990 1119 1040 plerumque
1153 990 1192 1028 in
1230 988 1485 1040 conjunctione
1516 988 1611 1040 μετὰ

172 1054 314 1108 χερσίν.
369 1055 591 1094 Praevalent
624 1067 777 1094 numero
810 1055 1058 1095 instrumenta
1094 1066 1283 1106 corporea,
1320 1041 1385 1110 sed
1420 1054 1611 1104 complura

178 1121 264 1160 sunt
292 1120 407 1160 etiam
434 1121 557 1168 verba,
588 1132 681 1171 quae
709 1121 767 1160 his
796 1121 909 1160 simul
937 1122 976 1160 et
1008 1133 1135 1160 eorum
1173 1120 1367 1160 contrariis
1400 1120 1612 1171 junguntur

177 1185 446 1233 instrumentis,
476 1197 570 1233 rara,
601 1197 695 1235 quae
722 1186 792 1225 hoc
820 1187 970 1225 tantum
999 1198 1114 1237 genus
1143 1186 1474 1225 instrumentorum
1507 1197 1611 1235 spec-

177 1251 279 1298 tant;
308 1252 509 1302 utrumque
538 1263 654 1302 genus
683 1264 757 1291 una
786 1264 871 1291 cum
899 1264 972 1291 uno
1001 1246 1201 1302 eodemque
1224 1251 1335 1291 verbo
1354 1251 1392 1290 in
1410 1263 1483 1290 uno
1503 1262 1611 1290 versu

177 1317 322 1367 saepius
351 1317 468 1357 adest.
526 1317 566 1356 Si
594 1318 666 1357 duo
695 1319 762 1357 aut
789 1318 862 1357 tria
885 1318 1097 1369 junguntur
1124 1318 1371 1357 instrumenta
1398 1329 1481 1356 raro
1501 1316 1611 1356 attri-

176 1383 311 1422 butum
339 1394 465 1422 secum
493 1383 642 1431 habent,
673 1383 851 1423 accedens
879 1396 965 1423 vero
994 1384 1146 1423 additur
1173 1384 1332 1423 maxime
1352 1382 1511 1423 secundo
1530 1382 1610 1421 loco

177 1449 430 1487 annumerato.
487 1447 836 1489 Commemorabiles
865 1450 1038 1489 videntur
1066 1450 1112 1489 ob
1140 1449 1389 1500 frequentiora
1426 1448 1611 1488 attributa

176 1514 249 1553 loci
285 1514 313 1551 0
342 1516 492 1562 711s12
525 1514 562 1553 Ξ
586 1517 707 1563 171s2
747 1515 785 1553 Ψ
807 1517 882 1556 186
913 1531 938 1554 σ
966 1517 1041 1556 193
1070 1514 1134 1568 [Ω
1160 1515 1264 1569 772]
1297 1516 1319 1553 Ι
1345 1516 1431 1555 113.

285 1580 562 1631 Nonnunquam
590 1593 764 1631 personae
793 1593 867 1620 una
896 1593 981 1621 cum
1010 1582 1118 1621 rebus
1147 1581 1396 1621 instrumenta
1416 1582 1610 1631 tamquam

176 1645 400 1686 adhibentur
433 1644 467 1684 Ω
494 1647 571 1686 546
601 1662 612 1684 ι
640 1647 739 1694 4453
768 1647 931 1698 personis
960 1648 1018 1687 uti
1045 1647 1193 1687 videtur
1220 1648 1330 1698 poeta
1352 1646 1609 1686 instrumentis

177 1711 291 1750 etiam
323 1711 364 1748 H
384 1713 461 1750 475
493 1727 517 1750 α
548 1713 640 1759 280,
671 1712 736 1751 sed
764 1714 803 1752 et
830 1713 895 1751 illo
929 1714 967 1751 et
995 1714 1064 1752 hoc
1102 1713 1202 1760 loco,
1240 1725 1355 1762 quum
1384 1712 1462 1751 sine
1498 1712 1609 1750 dubio

178 1775 222 1815 de
250 1776 443 1827 mancipiis
473 1778 748 1825 commemoret,
779 1777 872 1817 nihil
900 1778 1113 1817 mirandum
1142 1779 1210 1818 est.
1258 1778 1315 1817 De
1333 1777 1464 1829 figuris
1485 1777 1610 1828 agitur

177 1842 305 1893 galeae
343 1843 461 1882 affixis
504 1843 538 1881 Ε
572 1845 662 1883 744.
720 1844 975 1884 Instrumenta
1012 1845 1050 1884 in
1085 1856 1238 1884 numero
1276 1844 1411 1895 plurali
1449 1844 1610 1893 aequant

175 1920 287 1960 prope
315 1909 520 1960 frequentia
548 1921 590 1949 ea
618 1909 657 1949 in
685 1910 884 1961 singulari,
922 1910 1042 1950 dualis
1078 1922 1151 1950 uno
1188 1910 1268 1949 loco
1305 1909 1410 1949 nobis
1448 1909 1610 1949 occurrit

179 1973 215 2012 Ξ
238 1976 328 2015 228.
386 1975 425 2015 Si
458 1975 531 2014 duo
568 1976 817 2015 instrumenta
853 1988 979 2015 secum
1016 1977 1210 2028 conjuncta
1237 1977 1336 2024 sunt,
1372 1976 1534 2015 alterum
1570 1976 1608 2015 in

175 2040 328 2089 plurali,
372 2040 533 2079 alterum
574 2041 612 2079 in
654 2041 834 2092 singulari
881 2053 1053 2089 numero,
1097 2042 1166 2080 hoc
1208 2041 1365 2080 maxime
1408 2041 1606 2080 antecedit.

176 2104 298 2144 Semel
332 2106 481 2144 tantum
520 2105 657 2145 adsunt
692 2106 764 2145 duo
801 2106 1068 2154 instrumenta,
1106 2119 1263 2156 quorum
1300 2106 1462 2145 alterum
1499 2106 1609 2145 alteri

175 2170 357 2220 appositio
386 2170 558 2209 additum
587 2171 678 2233 est1)
710 2171 747 2208 N
770 2172 860 2210 599.
921 2171 1019 2210 Loco
1052 2172 1086 2209 P
1112 2173 1188 2211 296

437 2245 528 2289 ἤρικε
550 2245 770 2279 δ’ἱπποδάσεια
794 2247 892 2289 κόρυς
914 2247 984 2290 περὶ
1008 2248 1127 2290 δουρὸς
1148 2248 1268 2291 ἀκωκῇ,

436 2300 580 2344 πληγεῖσ’
603 2301 694 2344 ἕῃεῖ
714 2313 748 2333 τε
767 2302 902 2345 μεγάλῳ
926 2302 978 2333 καὶ
996 2302 1081 2346 χειρὶ
1105 2303 1229 2346 παχείῃ,

175 2366 247 2406 duo
275 2366 448 2406 videntur
483 2367 731 2407 instrumenta
766 2368 979 2408 coordinata
1016 2380 1111 2416 esse,
1151 2381 1309 2419 quorum
1347 2370 1473 2409 tamen
1510 2368 1607 2407 illud

174 2432 260 2471 huic
289 2423 500 2483 subjectum
528 2434 596 2480 est,
636 2445 752 2483 quum
780 2433 893 2484 plaga
929 2434 1060 2473 hastae
1097 2434 1239 2473 inflicta
1276 2434 1326 2473 sit
1362 2434 1443 2484 ipsa
1479 2446 1604 2473 manu.

174 2496 517 2538 Commemorabilis
547 2500 604 2539 est
632 2499 857 2539 constructio
885 2500 1081 2539 verborum
1113 2500 1147 2538 Ε
1171 2502 1249 2540 344

180 2660 212 2692 Ψ
229 2616 387 2699 40¹⁴)LJEPu0
403 2617 672 2651 instrumentales
689 2617 858 2652 societatis
875 2618 942 2654 fere
961 2618 1074 2655 eodem
1091 2618 1187 2655 modo
1205 2618 1370 2662 conjuncti
1393 2619 1605 2655 inveniuntur
