1824 2889
672 388 1046 448 VITA.

208 596 217 603 .
255 539 397 600 Natus
425 571 510 600 sum
538 561 803 612 Maenius
831 560 1049 616 Walther
1076 559 1285 611 provinciae
1318 559 1575 599 Posnaniensis

147 624 186 664 in
213 625 359 676 oppido,
390 626 450 666 cui
476 637 610 666 nomen
637 627 694 666 est
720 626 869 666 Kurnik
898 638 931 665 a.
962 626 998 665 d.
1028 626 1141 666 XVII
1169 624 1248 666 Cal.
1268 626 1346 666 Jul.
1367 637 1401 665 a.
1421 626 1458 665 h.
1480 637 1574 665 saec.

146 690 310 730 XLVIII
337 691 509 733 Ricardo
537 691 861 731 medicamentario
897 691 1081 731 maturius
1117 691 1289 730 defuncto
1324 693 1363 730 et
1389 691 1576 732 Leontino

146 767 166 794 e
194 757 304 807 gente
332 756 566 798 Goertziana
593 757 819 808 parentibus,
848 757 913 807 qui
939 756 1031 808 fuga
1062 768 1105 796 ex
1132 756 1270 807 proelio
1305 756 1353 795 ad
1381 756 1575 795 Xionsium

148 821 380 862 domicilium
418 822 613 862 commisso
651 835 693 862 eo
734 834 773 862 se
802 823 1045 863 contulerant.
1102 822 1235 862 Fidem
1261 821 1438 873 profiteor
1465 833 1575 861 evan-

146 887 316 938 gelicam.
373 888 609 929 Rudimentis
637 888 831 929 literarum
858 888 1026 929 imbutus
1055 888 1200 928 Xionsii
1231 900 1254 928 a
1281 887 1360 928 viro
1388 887 1576 939 benignis-

146 953 251 1002 sime,
282 955 345 1004 qui
373 954 504 994 officiis
532 954 585 994 ibi
612 954 828 1005 religionem
856 954 1112 1005 spectantibus
1145 954 1359 993 etiamnunc
1393 953 1574 1004 flmgitur,

145 1019 327 1068 Floetem,
357 1031 448 1070 puer
476 1019 568 1059 XIV
597 1031 775 1059 annorum
804 1020 987 1071 gymnasii
1015 1020 1187 1070 receptus
1212 1031 1297 1059 sum
1315 1019 1577 1059 Posnaniensis

145 1084 323 1124 Friderici
364 1084 562 1133 Guilelmi‚
601 1085 699 1135 quod
736 1085 890 1134 dicitur,
934 1085 972 1124 in
1009 1085 1176 1124 ordinem
1210 1085 1395 1135 quintum.
1452 1085 1497 1124 In
1534 1096 1576 1123 eo

144 1151 443 1201 praeceptoribus
472 1162 494 1190 a
522 1150 655 1201 quibus
688 1150 885 1190 institutus
921 1163 1005 1190 sum
1041 1162 1186 1201 semper
1222 1150 1316 1190 mihi
1356 1150 1577 1190 benevolen-

144 1216 303 1255 tissimis
318 1216 484 1255 animum
499 1227 612 1266 quam
631 1215 888 1267 gratissimum
905 1216 1062 1255 retinere
1080 1227 1271 1266 nunquam
1291 1216 1453 1255 cessabo.
1492 1216 1576 1255 Tri-

143 1282 214 1322 bus
242 1282 347 1322 annis
374 1282 459 1333 post
478 1282 576 1333 quod
595 1281 806 1333 proximum
825 1281 1010 1322 domicilio
1030 1282 1228 1333 parentum
1247 1281 1495 1322 constitutum
1519 1282 1577 1321 est

144 1348 380 1400 gymnasium
399 1348 549 1389 Sremae
567 1348 808 1399 frequentavi.
851 1348 985 1388 Hieme
1005 1348 1092 1388 anni
1110 1348 1147 1388 h.
1166 1360 1261 1388 saec.
1277 1348 1404 1388 LXIX
1417 1347 1576 1388 maturi-

143 1414 234 1454 tatis
262 1404 489 1454 testimonior
503 1414 708 1454 instructus
736 1414 832 1454 hanc
851 1415 991 1454 almam
1010 1414 1230 1454 Viadrinam
1258 1414 1333 1454 adii
1362 1414 1576 1464 civibusque

144 1480 364 1520 academicis
393 1480 600 1531 adscriptus
628 1491 651 1519 a
677 1481 820 1520 rectore
839 1480 917 1532 ejus
941 1480 1028 1519 anni
1046 1473 1256 1531 magnifico,
1285 1492 1321 1520 v.
1341 1480 1396 1520 ill.
1418 1479 1574 1531 stubba,

145 1557 277 1586 nomen
314 1546 498 1596 professus
536 1558 620 1585 sum
657 1545 757 1597 apud
790 1546 845 1585 ill.
881 1545 1185 1597 philosophorum
1222 1545 1360 1586 ordinis
1395 1545 1575 1586 decanum

143 1611 385 1662 spectabilem
408 1624 443 1651 v.
466 1612 512 1651 cl.
534 1604 815 1655 Schmocldcrs.
864 1610 988 1660 Quum
1015 1611 1076 1651 vix
1104 1623 1169 1662 per
1197 1623 1335 1652 annum
1362 1611 1424 1652 hic
1442 1611 1574 1651 studiis

143 1689 203 1718 me
230 1677 449 1727 imbueram‚
479 1678 647 1718 exortum
675 1678 733 1718 est
759 1677 902 1718 bellum
926 1677 1026 1721 ‚illud
1054 1689 1142 1717 cum
1178 1677 1445 1730 Francogallis,
1483 1689 1574 1729 quo-

142 1756 226 1783 rum
254 1744 293 1783 in
320 1744 457 1784 finibus
490 1744 676 1795 stipendia
710 1743 782 1783 feci
815 1744 861 1783 iis
897 1744 1186 1794 tempestatibus
1223 1756 1289 1796 per
1326 1744 1382 1784 IX
1417 1755 1572 1784 menses.

142 1810 352 1852 Revocatus
380 1810 510 1850 deinde
538 1810 698 1850 maxime
737 1821 826 1850 cura
860 1810 972 1861 atque
1009 1821 1119 1861 opera
1153 1822 1188 1850 v.
1227 1810 1281 1850 ill.
1312 1809 1454 1852 Stobbe
1491 1810 1573 1850 tum

142 1876 280 1916 iterum
306 1876 462 1915 rectoris
489 1876 600 1927 hujus
628 1866 881 1915 universitatis
904 1876 1041 1915 honore
1068 1875 1198 1924 functi,
1229 1875 1289 1915 cui
1317 1875 1406 1926 quin
1434 1875 1573 1926 gratias

141 1941 322 1981 maximas
350 1953 462 1993 agam
489 1941 609 1981 facere
636 1953 709 1981 non
736 1952 902 1994 possum,
930 1941 1073 1981 aestate
1097 1942 1183 1981 anni
1201 1941 1240 1981 h.
1261 1953 1291 1981 s.
1310 1940 1435 1981 LXXI
1454 1940 1572 1980 denuo

141 2007 336 2047 literarum
364 2007 498 2048 studiis
527 2008 606 2048 toto
634 2019 694 2047 me
723 2007 846 2047 animo
875 2007 971 2047 dedi.

250 2072 407 2113 Scholiis
421 2072 573 2113 interfui
586 2085 645 2113 vv.
661 2073 716 2112 ill.
727 2073 858 2125 Hertz,
874 2072 1164 2124 Reifferscheid,
1179 2072 1389 2124 Rossbach,
1402 2072 1571 2124 Dilthcy‚

141 2137 340 2191 Riickert‚
378 2137 626 2191 Junkmann‚
664 2138 838 2193 Roepell.
901 2139 974 2178 Per
1010 2138 1084 2178 tria
1120 2138 1312 2178 semestria
1345 2137 1482 2177 sodalis
1518 2138 1573 2177 fui

141 2203 328 2243 seminarii
355 2203 571 2254 philologici
599 2203 878 2243 extraordinarii
905 2204 1080 2254 auspiciis
1116 2216 1174 2243 vv.
1205 2204 1251 2242 cl.
1280 2202 1570 2254 Reifferscheid,

140 2269 351 2312 Rossbach.
408 2268 552 2319 Quibus
589 2270 673 2309 tum
710 2282 769 2310 vv.
807 2269 862 2309 ill.
902 2281 1019 2320 quum
1056 2269 1244 2318 omnibus,
1280 2268 1344 2319 qui
1371 2268 1409 2308 in
1437 2267 1572 2309 studiis

140 2335 232 2374 meis
249 2335 605 2377 *benevolentissime
628 2347 688 2374 me
709 2335 940 2386 adjuverunt,
970 2335 1111 2386 gratias
1139 2347 1209 2385 ago
1238 2346 1349 2384 quam
1377 2334 1570 2375 maximas.
