1824 2889
933 87 984 127 50

363 206 571 247 ἐφιάομαι
590 206 704 250 μολπῇ
725 206 776 238 καὶ
799 207 954 250 φόρμιγγι
976 218 1002 249 φ
1025 207 1100 245 430,

365 261 612 304 τέρπομαιῐ)
643 260 714 303 (cfr.
740 271 840 303 supra
862 271 939 304 pag.
964 262 1020 303 21)
1052 262 1173 294 Fretus
1197 261 1270 294 loco
1303 261 1322 293 λ
1346 261 1408 294 603
1432 260 1673 294 Delbrueckius

431 317 523 358 (pag.
548 315 608 355 39;
640 315 697 349 cfr.
722 315 849 349 Hentz'e
878 316 1000 349 Philol.
1024 316 1182 350 XXVIII.
1207 316 1228 349 1.
1253 317 1297 357 a.)
1323 316 1435 357 etiam,
1459 316 1488 349 si
1511 316 1552 349 (16
1574 315 1673 349 rebus

433 370 555 413 agitur,
580 370 720 404 localem
744 371 946 405 constituere
969 371 1095 412 volnit3
1126 370 1263 405 obstant
1291 372 1403 404 tamen
1426 371 1492 405 loci
1514 370 1673 414 permulti

432 424 552 468 quibus
584 426 637 459 vix
668 426 768 459 aliam
804 436 903 469 quam
934 426 1222 460 instrumentalem
1253 426 1319 459 vim
1342 436 1531 470 cognoscas.
1588 425 1672 460 Tum

432 491 470 514 ex
492 480 574 514 locis
608 480 629 513 I
651 482 723 521 143,
759 481 823 515 285
846 481 947 525 „haud
982 482 1120 516 difficile
1154 481 1286 515 videtur
1319 481 1373 515 hic
1407 482 1500 515 illam
1535 481 1672 515 eandem

431 535 570 568 formam
595 537 748 579 τρέφεται
782 546 842 578 pro
876 537 1024 579 τέρπεται
1053 537 1239 570 restituere.
1298 536 1451 570 Ceterum
1481 547 1595 570 versus
1617 536 1671 569 hic

431 592 566 623 exstant
592 591 787 623 recentioris
819 591 941 624 aetatis
971 591 1028 624 cfr.
1053 591 1198 624 Bekkeri
1221 593 1332 625 annot.
1358 592 1462 625 critic.
1489 591 1531 625 ad
1555 592 1573 624 λ
1597 591 1670 624 601.

429 645 538 679 Aliter
561 655 613 678 res
643 656 678 679 se
700 644 803 679 habet
826 646 908 679 locis
945 644 972 678 T
992 647 1040 686 19,
1072 647 1146 686 312,
1178 659 1195 680 ε
1218 648 1268 686 74,
1301 648 1322 684 ζ
1339 648 1391 687 46,
1420 648 1445 679 θ
1468 647 1541 687 368,
1574 658 1598 679 π
1618 646 1670 686 25,

428 714 443 733 ν
467 701 518 741 60,
556 700 675 743 quibus
706 701 805 743 plane
835 700 928 734 locus
962 701 1181 744 significatur,
1218 702 1270 735 cui
1296 703 1355 735 aut
1388 702 1477 735 inest
1500 701 1667 744 gaudium,

428 758 487 789 aut
509 755 567 789 ubi
591 756 696 790 adest.
749 756 859 789 Minus
883 758 973 790 recte
998 755 1133 799 Capelle
1164 757 1228 791 huc
1250 757 1368 790 retulit
1391 769 1416 800 φ
1442 757 1513 797 105,
1538 756 1595 790 ubi
1618 757 1669 790 in-

425 812 655 845 strumentalis
672 813 781 846 exstat
797 812 995 854 qualitatem
1011 812 1221 855 significans3
1238 815 1327 845 errat
1339 812 1439 845 etiam
1452 813 1483 846 J.
1497 812 1546 846 La
1557 812 1669 846 Roche

426 866 482 907 (A.
508 867 528 899 i.
553 867 594 899 H.
618 877 695 909 pag.
720 868 776 908 20)
807 866 880 899 loco
909 865 937 898 T
956 867 1020 899 312
1052 867 1339 900 instrumentalem
1362 869 1465 907 ratus,
1500 877 1600 909 quum
1624 867 1670 899 sit

426 922 566 961 animus,
592 932 689 963 quem
705 921 826 963 aliquis
843 921 991 954 delectat
1007 922 1121 963 aliqua
1136 932 1189 961 re;
1212 922 1325 963 itaque
1341 922 1528 955 delectatur
1544 922 1666 964 aliquis

424 977 459 1008 in
483 970 592 1008 animo
625 976 696 1017 (cfr.
721 988 742 1008 α
768 977 838 1014 107,
871 977 945 1015 310,
980 977 1004 1007 θ
1028 977 1105 1017 368)
1137 977 1217 1009 Jure
1241 977 1358 1009 attulit
1397 975 1424 1008 Φ
1446 977 1498 1015 45,
1534 977 1591 1017 qui
1614 978 1666 1008 est

424 1030 602 1063 sociativus
634 1030 705 1072 (cfr.
729 1030 880 1072 Krueger
914 1030 935 1062 l.
968 1040 996 1063 a.
1021 1031 1074 1071 48,
1101 1030 1151 1071 15,
1177 1031 1215 1063 15
1242 1031 1342 1073 [18])‚
1378 1033 1523 1063 πεσσοῖσι
1546 1043 1567 1063 α
1593 1031 1666 1071 107,

424 1086 578 1129 φόρμιγγι
602 1086 676 1130 (τῇ)
710 1084 730 1117 l
751 1085 811 1118 189
836 1086 945 1128 λόγοις
971 1085 995 1117 O
1017 1086 1081 1119 393
1106 1087 1242 1129 κτήμασι
1275 1085 1295 1118 I
1311 1086 1377 1118 400
1404 1086 1528 1129 σύριγξι
1558 1084 1586 1118 Σ
1597 1085 1660 1118 526

423 1141 528 1185 αὐγῇς
544 1140 570 1173 Θ
581 1141 646 1172 480
658 1141 799 1180 ἀνέμοισι
821 1139 847 1171 θ
858 1140 919 1172 481
934 1140 1088 1182 φόρμιγγι
1101 1140 1201 1184 λιγείῃ
1214 1140 1301 1184 καλῇ
1311 1140 1462 1184 δαιδαλέῃ
1481 1139 1502 1172 I
1511 1140 1571 1173 186
1585 1140 1671 1172 δαιτί

424 1207 445 1227 α
462 1196 513 1234 26,
537 1196 561 1227 θ
578 1195 641 1227 429
658 1195 744 1239 αὐδῇ
766 1195 787 1226 ὃ
803 1195 864 1227 160
879 1195 1023 1227 ἐπέεσσιν
1046 1195 1071 1226 θ
1094 1195 1133 1227 91
1155 1195 1274 1235 μύθοις
1289 1196 1310 1227 ὃ
1323 1195 1386 1228 239
1399 1195 1532 1235 μύθοισι
1548 1196 1575 1236 ψ
1590 1194 1665 1234 301,

427 1249 453 1282 Λ
471 1251 535 1283 643
548 1251 699 1290 μύθοισιν
722 1249 838 1282 ἔπεσσί
858 1262 892 1282 τε
909 1253 1009 1282 σοῖσιν
1026 1251 1047 1281 δ
1060 1250 1123 1282 597
1141 1251 1289 1293 κάπροισι
1304 1250 1356 1282 καὶ
1372 1251 1489 1294 ὠκείῃς
1501 1250 1666 1291 ἐλάφοισιν

424 1306 445 1340 ζ
467 1305 529 1336 104
560 1304 702 1336 ἄλλοισιν
735 1304 844 1346 ἔργοις
875 1304 912 1345 [Ε
931 1304 1011 1345 228]
1048 1304 1190 1335 νώτοισιν
1224 1304 1360 1345 (τοῒςδε)
1394 1304 1416 1340 ξ
1444 1304 1507 1336 443
1541 1304 1666 1347 κήδεσιν

425 1358 643 1401 λευγαλέοισιν
675 1369 696 1390 ο,
718 1358 781 1391 399
806 1356 920 1401 ἄλγεσι
950 1369 968 1390 ο
992 1358 1057 1390 400
1080 1359 1239 1402 ὀρχηστυῖ
1265 1357 1317 1390 καὶ
1347 1358 1445 1403 ἀοιδῇ
1462 1370 1485 1401 ρ
1510 1358 1573 1391 606
1598 1358 1665 1401 γόῳ

425 1415 446 1444 δ
461 1414 522 1445 102
546 1414 679 1449 ἀέθλοις
696 1426 719 1455 ρ
739 1414 810 1444 174.
828 1431 869 1436 —-
886 1411 915 1443 B
936 1413 1010 1452 774,
1034 1414 1055 1444 δ
1076 1413 1149 1450 626,
1170 1425 1193 1455 ρ
1220 1413 1281 1445 168
1305 1413 1457 1444 δίσκοισιν
1480 1414 1664 1456 αἰγανέῃσιν

423 1466 585 1499 vocabula
607 1467 715 1509 magis
738 1466 952 1508 participium
976 1467 1076 1503 ἱέντες
1097 1468 1267 1508 spectant;
1303 1466 1417 1499 eodem
1441 1466 1537 1500 modo
1571 1468 1593 1498 δ
1612 1467 1664 1505 47,

422 1534 440 1554 κ
466 1522 525 1555 181
554 1522 771 1564 ὀφθαλμοῖσιν
794 1522 837 1555 ad
861 1522 1018 1565 ὁρώμενοι
1040 1522 1213 1563 pertinet.)

421 1575 507 1619 ὕπνῳ
531 1576 592 1608 ὅπο
617 1577 768 1620 γλυκερῷ
790 1577 991 1619 ταρπώμεθα
1015 1577 1221 1620 κοιμηθέντες
1252 1575 1281 1608 Ω
1303 1576 1377 1616 636,
1401 1577 1423 1608 ὃ
1443 1577 1518 1617 295,
1541 1578 1568 1617 ψ
1590 1576 1663 1609 255.

333 1641 488 1682 Collatis
527 1654 614 1682 cum
651 1643 710 1682 his
747 1642 869 1683 verbis
911 1641 946 1681 Ω
978 1643 1001 1682 3
1038 1657 1067 1695 φ
1106 1644 1185 1683 346
1224 1642 1316 1682 locis
1353 1654 1573 1693 persuasum
1608 1643 1665 1682 est

225 1707 328 1746 nobis
357 1706 559 1760 τέρπεσθαι
587 1708 647 1747 1116
676 1719 747 1748 non
776 1719 855 1748 esse
886 1707 1067 1757 „laetari“
1099 1708 1164 1748 sed
1194 1708 1392 1757 „satiare“.
1437 1707 1561 1757 Quum
1581 1719 1665 1748 vero

222 1850 342 1892 γανάω,
368 1850 508 1883 welches
538 1850 719 1893 „gliinzeffl
751 1850 929 1890 bedeutet,
962 1850 1057 1883 nicht
1088 1852 1246 1892 getrennt
1275 1850 1407 1884 werden
1430 1849 1530 1891 kann,
1559 1849 1662 1893 vergl.

224 1894 358 1927 Curtius
383 1894 409 1933 1,
438 1895 509 1927 142.
535 1914 574 1918 —
598 1895 667 1927 Der
691 1893 892 1937 Uebergang
923 1904 981 1927 aus
1013 1894 1071 1927 der
1097 1894 1298 1937 Bedeutung
1330 1895 1510 1937 „gliinzen‘⁴
1545 1895 1580 1927 in
1611 1894 1663 1927 die

221 1938 279 1970 des
305 1938 395 1976 „sich
419 1938 586 1971 Freuens“
617 1939 699 1980 ging
730 1949 797 1970 nun
829 1938 959 1971 einfach
990 1948 1026 1970 so
1056 1948 1114 1971 vor
1145 1938 1231 1977 sich,
1264 1938 1340 1971 dass
1370 1938 1500 1971 Freude
1531 1938 1580 1971 als
1611 1938 1664 1971 ein

221 1981 369 2015 Glfinzen
401 1982 459 2015 des
490 1981 672 2015 Gemiithes
704 1982 832 2024 gefasst
863 1982 1006 2015 wurde.“
1044 2001 1084 2006 —
1120 1982 1189 2015 Nos
1225 1981 1357 2024 quidem
1392 1982 1531 2016 dicimus
1568 1982 1663 2022 „die

219 2026 370 2068 Augen
403 2027 543 2068 glanzen
566 2037 625 2059 vor
648 2026 814 2065 Freude“,
848 2036 948 2068 quum
978 2036 1054 2059 vero
1087 2027 1187 2059 etiam
1217 2027 1329 2060 valeat
1363 2026 1417 2066 „in
1449 2026 1512 2059 den
1544 2026 1662 2068 Augen

221 2070 308 2112 liegt
332 2070 391 2103 das
414 2070 520 2103 Herz“
545 2070 630 2102 nihil
655 2072 715 2109 est,
742 2070 831 2112 quod
854 2072 971 2103 contra
994 2070 1109 2103 dicam.

311 2126 335 2165 ¹)
359 2124 469 2158 Fulda
491 2135 568 2167 pag.
593 2125 651 2158 78:
678 2125 740 2163 „Es
764 2125 810 2157 ist
832 2124 963 2158 keinem
978 2124 1111 2158 Zweifel
1134 2125 1367 2164 unterworfen,
1394 2124 1470 2158 dass
1494 2124 1552 2157 das
1574 2124 1661 2167 grie-

219 2168 352 2202 chische
376 2170 483 2212 τέρπω
504 2169 573 2201 1111(1
589 2168 650 2201 das
667 2168 815 2202 indische
831 2167 938 2213 trpati
955 2169 1015 2202 auf
1027 2169 1099 2202 eine
1116 2169 1337 2212 gemeinsame
1353 2169 1662 2212 indogermanische

217 2213 351 2246 Wurzel
385 2214 463 2257 tarp
498 2213 744 2255 zuriickgehen‚
781 2213 839 2246 der
872 2213 932 2245 wir
964 2213 1016 2246 die
1048 2213 1249 2256 Bedeutung
1281 2213 1471 2256 „siittigeffl
1506 2213 1661 2256 beilegen

217 2260 362 2290 miissen.
417 2257 503 2290 Dass
539 2257 623 2290 auch
655 2257 713 2290 das
746 2257 951 2299 griechische
983 2256 1129 2289 Verbum
1158 2256 1347 2299 uberhaupt
1377 2257 1430 2289 die
1461 2257 1662 2299 Bedeutung

219 2301 410 2343 „siittigenu
435 2300 504 2339 hat,
530 2301 575 2333 ist
603 2301 666 2333 wol
699 2300 877 2343 allgemein
909 2300 1103 2334 anerkannt.
1149 2301 1231 2344 Pag.
1265 2302 1324 2333 79:
1359 2301 1405 2333 ist
1436 2300 1494 2333 das
1526 2300 1662 2343 Subject

217 2345 272 2377 6111
289 2344 497 2383 Substantiv,
523 2345 615 2377 steht
639 2354 673 2377 es
697 2344 742 2376 im
760 2344 893 2377 Genitiv
917 2344 947 2377 d.
972 2345 1004 2377 h.
1030 2344 1105 2377 dem
1122 2344 1235 2383 Casus,
1261 2344 1319 2377 der
1335 2355 1374 2377 zu
1392 2345 1500 2377 einem
1514 2344 1661 2377 Verbum

217 2388 275 2421 des
298 2388 436 2421 Fiillens
459 2390 563 2429 passt,
590 2390 675 2429 (tum
700 2388 786 2420 enim
809 2388 950 2421 materia
973 2388 1190 2430 significatur,
1217 2398 1282 2430 qua
1305 2388 1434 2430 aliquid
1461 2389 1659 2430 completur)

216 2432 311 2465 nieht
333 2432 378 2465 im
401 2432 513 2471 Dativ,
539 2431 597 2465 der
619 2431 674 2465 bei
699 2431 761 2465 den
786 2432 917 2465 Verben
941 2432 998 2466 des
1024 2432 1116 2472 „sich
1131 2432 1298 2466 Freuens“
1324 2443 1363 2466 zu
1379 2432 1497 2466 stehen
1520 2432 1658 2476 pflegt.‘.‘

214 2476 305 2510 Haec
347 2487 385 2510 ex
425 2476 670 2519 significatione
713 2478 827 2510 exorta
869 2476 1058 2510 differentia
1099 2477 1354 2511 constructionis
1395 2477 1516 2510 nititur
1557 2477 1660 2511 etiam

218 2521 362 2563 quadam
393 2531 428 2554 re
459 2521 637 2554 exteriore:
677 2521 733 2562 qui
768 2521 855 2553 enim
889 2520 993 2554 dativi
1028 2520 1166 2554 formam
1199 2520 1361 2563 praebent
1390 2521 1455 2554 loci
1485 2520 1659 2555 verborum

213 2565 328 2598 formis
348 2565 457 2608 juncti
481 2567 559 2599 sunt
582 2575 656 2598 curn
679 2577 696 2597 ε
720 2565 821 2607 (inter
844 2564 926 2598 duos
950 2567 985 2598 et
1007 2565 1151 2608 triginta
1172 2565 1263 2599 locos
1286 2567 1418 2599 tantum
1445 2565 1657 2600 intercedunt

213 2620 270 2643 sex
293 2620 366 2643 cum
389 2612 443 2652 α);
467 2609 651 2652 genitivum
666 2608 875 2651 praebentes,
901 2609 958 2652 qui
981 2608 1076 2642 nobis
1100 2612 1323 2650 occurrerunt,
1349 2620 1461 2643 omnes
1484 2620 1558 2644 cum
1581 2620 1653 2643 ver-

213 2654 328 2687 borum
346 2654 459 2697 formis
475 2654 510 2687 in
527 2666 548 2687 α
564 2656 726 2697 apparent
743 2653 769 2686 A
786 2654 859 2693 780,
883 2653 916 2686 Ψ
930 2654 978 2693 10,
1001 2653 1030 2687 Ω
1044 2654 1073 2694 3,
1092 2654 1175 2697 770,
1194 2654 1211 2686 λ
1224 2654 1298 2694 211,
1316 2654 1427 2695 ψ212,
1444 2654 1517 2695 300,
1535 2666 1561 2698 φ
1577 2655 1651 2688 346.
