1824 2889
867 91 914 128 51

174 212 264 251 haec
291 210 513 261 significatio
544 211 706 261 postulet
734 210 951 262 genitivum,
982 222 1093 261 quem
1121 209 1243 249 dicam
1271 208 1604 261 genitivum-abla-

173 276 294 317 tivum
330 275 412 327 (cfr.
442 276 631 315 Delbrfick
665 288 750 328 pag.
791 279 814 316 9
853 277 901 316 ad
935 277 996 316 fin.
1033 276 1155 316 Fulda
1191 288 1275 327 pag.
1317 275 1385 326 79)
1421 275 1479 314 his
1514 274 1605 313 locis

173 341 275 394 ὕπνῳ
304 340 373 380 ὕπο
402 342 567 394 γλυκερῷ
601 333 759 382 formam
796 341 1024 396 ταρπώμεθα
1060 342 1169 393 plane
1206 353 1278 381 non
1313 342 1481 392 spectare
1517 352 1604 380 con-

172 407 378 454 tendimus3
408 408 576 448 inaudita
603 408 717 448 etiam
736 409 775 448 in
794 409 863 449 hoc
881 409 993 448 verbo
1012 407 1234 459 praepositio
1255 407 1335 447 ὑπό.
1380 407 1435 447 Ut
1456 406 1604 457 saepius

171 473 281 513 verbo
310 472 509 526 τέρπεσθαι
537 486 649 514 causa
676 474 827 514 additur
853 474 1017 514 laetandi
1044 474 1104 514 vel
1132 473 1292 514 satiandi
1319 472 1529 524 participio,
1559 473 1603 511 ut

174 538 209 576 B
234 539 324 586 774,
356 537 387 576 Λ
419 528 509 587 643,
539 539 564 577 ὃ
591 541 681 587 597,
713 542 803 587 626,
837 555 858 578 κ
887 540 976 587 181,
1008 555 1036 592 ρ
1075 540 1163 587 168,
1200 539 1254 578 sic
1291 539 1405 578 etiam
1441 538 1503 577 hic
1537 550 1603 588 per

170 602 401 658 κοιμηθέντες
424 604 621 655 respiciens
650 604 751 657 ὕπνῳ
780 604 848 644 ὕπο
867 605 1030 658 γλυκέρῳ
1059 604 1141 656 (cfr.
1157 619 1186 657 μ
1206 606 1284 644 372
1316 602 1356 641 K
1368 603 1450 654 98).
1495 602 1602 651 Quod

170 670 298 709 autem
325 670 446 709 Fulda
475 670 574 722 (pag.
611 672 679 722 79)
717 671 825 711 affert
860 669 897 709 Σ
919 672 1010 719 434,
1047 671 1091 710 ut
1125 670 1256 721 probet
1291 669 1601 721 significationem

174 747 325 785 „somno
362 736 495 776 laetari
507 740 525 756 “
560 737 640 788 Jam
682 737 739 777 est
776 736 1066 784 admonendum,
1106 736 1290 790 ἀρημένος
1323 735 1476 775 11111111116
1515 747 1601 774 611111

170 800 369 854 τέρπεσθαι
398 803 690 853 componendum
717 815 796 843 esse
823 804 862 843 et
889 803 1010 843 nescio
1046 815 1117 854 quo
1157 815 1245 843 casu
1279 803 1423 842 factum
1452 802 1512 851 sit,
1544 802 1599 850 ut,

169 879 286 918 quum
323 868 530 919 genitivum
565 869 770 908 desiderare
808 868 1006 921 τέρπεσθαι
1043 868 1351 923 significationem
1393 868 1425 906 si
1463 868 1601 906 habeat

172 933 354 980 „satiare“
385 934 444 973 vel
476 934 706 984 „complere“
738 934 859 974 Fulda
886 935 988 986 (pag.
1020 934 1087 985 79)
1122 934 1275 981 dixerit,
1314 933 1436 973 vertat
1473 933 1600 972 tamen

169 997 271 1049 (pag.
303 999 367 1045 80,
398 998 466 1049 81)
496 998 598 1049 ὕπνῳ
627 997 696 1037 ὕπο
724 999 891 1051 γλυκερῷ
916 998 1143 1051 ταρπώμεθα
1167 1011 1253 1047 „am
1273 999 1360 1037 oder
1378 998 1431 1036 im
1450 997 1600 1037 Schlafe

169 1063 249 1102 sich
278 1063 520 1115 ersattigen“,
550 1064 649 1115 quod
677 1064 753 1104 suis
782 1064 932 1115 quidem
950 1064 1070 1103 verbis
1090 1063 1348 1115 explicandum
1369 1062 1482 1102 fuerit
1511 1074 1599 1111 „am

168 1129 256 1168 oder
282 1129 335 1167 im
364 1128 510 1169 Schlafe
538 1130 618 1169 sich
643 1130 844 1169 erfreuen“.
888 1130 1119 1169 Verbotenus
1139 1130 1171 1169 si
1190 1129 1369 1169 vertimus
1389 1128 1599 1179 germanice

168 1195 227 1234 est
255 1195 348 1244 „wir
375 1196 507 1235 wollen
536 1208 605 1235 uns
633 1195 798 1247 sattigen
826 1195 1107 1247 eingeschlafert
1135 1194 1391 1247 (bezwungen)
1420 1205 1491 1233 von
1513 1193 1599 1233 dem

168 1264 295 1299 sussen
332 1261 490 1300 Schlaf“
529 1262 598 1299 ὑπὸ
635 1273 721 1301 vero
759 1273 875 1311 quum
911 1262 959 1300 ad
1000 1261 1281 1312 significandam
1319 1260 1484 1309 aliquam
1521 1259 1598 1299 vim

167 1325 388 1365 adhibeatur
417 1325 499 1377 (cfr.
529 1326 565 1366 J.
593 1326 647 1365 La
674 1326 799 1366 Roche
827 1337 859 1364 a.
890 1326 914 1364 l.
953 1337 1038 1376 pag.
1072 1325 1138 1376 14)
1177 1336 1220 1363 ea
1258 1325 1303 1363 de
1339 1336 1452 1363 causa
1485 1324 1598 1363 verbo

120 1401 124 1404 ’
166 1391 302 1442 κοιμάω
331 1403 443 1440 quam
472 1391 671 1443 τέρπεσθαι
698 1391 860 1430 tribuere
897 1392 1108 1431 maluimus.
1167 1391 1298 1441 Neque
1334 1390 1445 1430 aliter
1482 1389 1597 1440 expli-

167 1455 274 1494 candi
302 1457 390 1495 sunt
417 1456 490 1502 Loci
519 1456 544 1495 ὃ
570 1458 634 1505 47,
668 1471 690 1494 κ
719 1457 807 1505 181,
843 1456 908 1495 ubi
943 1456 1130 1504 „satiare“
1160 1458 1351 1509 τάρπησαν
1390 1456 1598 1507 significare

166 1522 304 1561 iterum
332 1522 451 1561 forma
478 1522 636 1568 indicat;
667 1522 895 1561 desideretur
927 1522 1113 1573 genitivus
1150 1534 1216 1572 pro
1255 1522 1399 1570 dativo,
1439 1521 1504 1561 sed
1537 1520 1598 1561 hic

166 1598 310 1637 quoque
338 1587 507 1635 materia,
537 1598 610 1637 qua
643 1587 771 1627 satiati
808 1588 906 1634 sunt,
945 1588 1042 1626 inest
1078 1587 1293 1638 participio,
1330 1588 1374 1626 ut
1408 1587 1598 1626 vertamus

167 1653 247 1700 „als
283 1652 335 1691 sie
376 1652 454 1691 sich
496 1653 584 1692 aber
620 1653 803 1704 gesattigt
836 1654 967 1693 hatten
1005 1652 1076 1692 mit
1111 1653 1181 1692 den
1214 1652 1348 1704 Augen
1384 1652 1597 1692 schauend“

165 1717 189 1756 i.
227 1729 258 1757 e.
295 1729 356 1757 am
391 1717 560 1757 Schauen
598 1719 670 1758 mit
707 1718 778 1758 den
805 1718 951 1770 Augen.
1008 1718 1135 1769 Atque
1173 1718 1301 1758 eodem
1336 1718 1445 1758 modo
1483 1718 1597 1758 inter-

165 1784 356 1833 pretamur
386 1783 424 1821 Γ
444 1785 520 1823 441
553 1783 680 1832 „Aber
707 1785 852 1823 wohlan
880 1784 947 1823 wir
974 1784 1107 1823 wollen
1143 1795 1212 1823 uns
1249 1784 1451 1835 ersattigen
1480 1784 1597 1824 durch

164 1849 276 1889 Liebe
290 1850 477 1901 gelagert3
497 1850 579 1889 loco
595 1849 619 1893 ξ
626 1851 703 1890 244
718 1850 997 1890 instrumentali
1016 1850 1193 1891 sociativo
1214 1861 1285 1889 non
1300 1862 1391 1901 opus
1411 1851 1468 1890 est
1481 1850 1596 1902 expli-

166 1915 320 1954 catione.
370 1914 543 1955 Ceterum
567 1927 611 1954 ne
632 1916 759 1955 credas
778 1916 873 1956 forte
887 1917 1005 1956 talem
1024 1928 1135 1955 usum
1154 1927 1226 1955 non
1245 1928 1323 1955 esse
1341 1917 1594 1964 Homericum,

164 1980 289 2019 locum
317 1980 428 2020 affero
451 1996 480 2033 μ
510 1981 573 2030 52,
604 1981 669 2021 ubi
695 1982 804 2032 plane
832 1982 1048 2022 absolutum
1074 1982 1228 2033 apparet
1255 1980 1463 2035 τέρπεσθαι.
1510 1981 1596 2022 Sta-

164 2046 346 2085 tuendum
373 2046 490 2097 igitur
519 2048 576 2086 est
603 2047 758 2087 verbum
786 2047 986 2100 τέρπεσθαι
1016 2059 1103 2086 611111
1140 2047 1407 2098 significatione
1436 2047 1597 2087 satiandi

164 2111 624 2162 genitivum-ablativum,
654 2113 977 2153 instrumentalem
1007 2125 1093 2153 cum
1121 2124 1164 2153 ea
1191 2112 1355 2153 laetandi
1377 2112 1593 2153 desiderare.

288 2198 427 2242 χαίρω
451 2199 520 2240 (cfr.
538 2198 646 2232 Fulda
667 2209 745 2242 pag.
766 2200 827 2232 194
850 2200 913 2241 sq.)
937 2200 1004 2243 νίκῃ
1029 2197 1062 2231 H
1073 2199 1135 2232 312
1153 2199 1308 2237 τοῖςὸεσσι
1331 2199 1456 2244 (λυκέῃ,
1480 2200 1594 2241 τόξοις,

363 2254 472 2296 δουρί)
504 2251 538 2285 K
555 2254 618 2286 462
651 2256 700 2297 τῷ
720 2252 823 2297 ὄρνιθ’
858 2252 892 2286 K
909 2254 972 2286 277
1004 2253 1103 2297 ὄρνισι
1134 2254 1213 2296 (οἷς)
1248 2266 1275 2285 ω
1297 2254 1361 2287 312
1392 2255 1483 2298 φήμῃ
1504 2255 1531 2296 β
1551 2255 1593 2289 35

360 2309 462 2345 τοῖςὸε
484 2308 668 2340 κτεάτεσσιν
703 2309 725 2340 δ
745 2308 786 2341 93
817 2308 919 2351 Εεινίῳ
949 2305 1010 2352 (ᾦ)
1045 2321 1054 2340 ι
1077 2308 1140 2341 356
1164 2308 1310 2351 φιλότητι
1344 2308 1362 2340 λ
1386 2309 1449 2341 248
1477 2309 1592 2350 βουσίν

358 2359 462 2405 (ᾗσιν)
482 2374 507 2401 μ
530 2363 593 2395 379
617 2360 639 2406 ᾗ
662 2363 736 2406 γαίῃ
761 2363 906 2406 πατρωΐῃ
930 2364 951 2394 ’ν
975 2363 1034 2395 251
1068 2360 1091 2406 ᾔ
1113 2363 1187 2406 γαίῃ
1219 2375 1233 2393 ν
1257 2362 1320 2395 354
1343 2363 1492 2407 εὐχωλῇς
1512 2365 1594 2407 ἀγα-

361 2418 446 2460 νῇσιν
469 2428 484 2448 ν
507 2417 570 2450 357
595 2417 739 2461 κλεηδόνι
762 2429 784 2449 σ
808 2417 879 2457 117,
903 2429 921 2449 υ
948 2417 1009 2449 120
1028 2418 1154 2461 βροντῇ
1175 2428 1193 2448 υ
1219 2417 1277 2449 121
1303 2416 1389 2461 ἄγρῃ
1408 2430 1434 2462 χ
1458 2418 1543 2459 306,-

206 2483 258 2515 31.
291 2483 419 2526 βράχω,
442 2484 618 2526 καρκαιρω,
649 2485 788 2528 καναχὴν
810 2483 886 2527 ἔχω,
913 2484 1084 2523 μυκάομαι,
1114 2484 1269 2528 στενάχω,
1302 2485 1490 2530 στεναχίζω,
1513 2497 1595 2529 σφα-

289 2539 462 2581 ραγέομαι·
648 2559 651 2561 ,

290 2593 316 2634 β
320 2604 343 2635 ρ
353 2593 376 2624 ά
377 2604 403 2636 χ
411 2604 438 2624 ω
459 2593 639 2637 βριθοσύνῃ
664 2591 694 2625 Ε
712 2593 786 2634 839,

292 2659 311 2680 κ
320 2659 368 2691 αρ
379 2658 427 2679 κα
436 2647 474 2691 ίρ
485 2659 512 2680 ω
536 2648 683 2681 πόδεσσιν
712 2646 740 2680 Υ
759 2647 831 2688 157,
