1824 2889
906 107 929 153 2

190 224 351 276 vestigia
395 225 614 265 invenerunt
655 237 699 264 ex
745 226 928 265 memoria
973 226 1174 276 paullatim
1221 226 1432 276 elapsorum
1479 237 1634 266 casuum

191 301 392 341 eorumque
427 291 506 330 vim
544 291 634 339 aliis,
665 290 856 339 additam,
893 292 937 331 ut
974 292 1013 330 in
1041 290 1269 331 Graecorum
1306 292 1436 343 lingua
1464 291 1631 339 ablativi,
1683 323 1686 326 .

190 355 343 404 localis,
373 355 691 404 instrumentalis,
722 357 761 396 et
788 357 984 407 tamquam
1018 356 1174 396 vicarios
1203 368 1332 397 eorum
1360 357 1568 409 genitivum
1595 357 1634 396 et

191 420 375 470 dativum,
406 434 498 473 quos
518 434 637 473 usque
656 423 897 474 grammatici
915 435 1035 463 meros
1055 423 1129 463 rati
1146 422 1286 463 frustra
1303 423 1374 464 hac
1402 435 1445 464 ex
1464 422 1633 475 opinione

189 487 374 538 explicare
403 487 651 527 elaborarunt.
711 487 784 536 Qui
822 500 930 528 casus
967 490 1044 528 tres
1071 487 1181 528 modo
1210 489 1512 538 commemorati,
1541 500 1633 540 quo-

189 553 301 593 modo
329 554 427 593 inter
454 566 493 593 se
521 553 762 602 cohaereant,
802 554 995 594 subtiliter
1022 566 1065 594 ac
1102 554 1211 606 longe
1240 555 1517 606 elegantissime
1543 554 1633 594 illu-

189 619 324 658 stravit
343 619 388 659 B.
409 618 658 658 Delbrfickius
677 619 716 657 in
735 619 830 658 libro
850 631 929 667 suo,
960 619 1024 669 qui
1049 619 1264 659 inscribitur
1290 620 1470 667 „Ablativ
1487 620 1632 660 Looalis

189 684 492 725 Instrumentalis
530 684 584 724 im
620 682 905 733 Altindischen,
945 684 1225 733 Lateinischen‚
1265 684 1528 726 Griechischen
1555 684 1633 725 und

188 750 442 790 Deutschen.“
501 749 665 789 Berolini
693 749 1020 790 MDCCOLXVH.

301 816 510 866 Postquam
536 814 655 867 igitur
682 826 725 854 ex
753 815 1028 866 comparatione
1069 815 1284 867 linguarum
1312 815 1476 867 ejusdem
1505 816 1631 868 stirpis

189 881 441 920 constitutum
476 882 555 929 est,
594 880 778 931 quomodo
808 892 916 920 casus
945 881 1021 921 sint
1049 881 1122 920 orti
1150 882 1189 920 et
1217 893 1313 931 quae
1340 881 1397 921 vis
1425 881 1476 921 sit
1503 893 1631 922 eorum

187 946 415 997 principalis,
445 946 484 986 in
511 957 734 997 unaquaque
761 945 892 998 lingua
920 946 1125 998 recognitio
1151 958 1388 997 nequaquam
1407 946 1629 998 negligenda

188 1014 256 1061 est,
286 1012 414 1060 immo,
444 1012 553 1052 nixus
580 1012 765 1052 fructibus
793 1012 879 1051 inde
909 1012 1038 1062 captis,
1069 1013 1278 1063 quicunque
1306 1012 1544 1052 excutiendae
1564 1012 1629 1052 dat

186 1078 339 1130 linguae
367 1077 481 1118 alicui
509 1089 671 1129 operam,
700 1078 826 1129 partes
854 1078 932 1129 ejus
961 1078 1128 1129 singulas
1157 1079 1320 1117 tractare
1348 1078 1509 1118 debebit.
1553 1078 1627 1117 Hic

186 1155 275 1183 vero
311 1143 563 1194 incipiendum
601 1144 673 1183 erit
701 1155 723 1182 a
750 1144 1017 1183 vetustissimis
1055 1143 1326 1191 monumentis,
1364 1144 1498 1194 quippe
1534 1155 1628 1194 quae

186 1209 455 1249 reservaverint
484 1209 600 1249 etiam
627 1209 764 1249 formas
794 1209 974 1260 quasdam
1004 1209 1193 1260 genuinas.
1245 1209 1317 1249 His
1346 1209 1517 1249 omnibus
1544 1220 1627 1260 per-

188 1276 376 1326 cogitatis,
407 1275 453 1314 de
473 1287 545 1325 quo
564 1275 703 1325 partim
732 1275 855 1314 adhuc
884 1276 1013 1314 actum
1041 1275 1102 1322 sit,
1133 1287 1243 1314 usum
1272 1275 1389 1315 dativi
1416 1275 1455 1314 in
1473 1276 1627 1315 Homeri

187 1340 434 1389 carminibus,
464 1340 720 1380 vetustissimo
759 1341 998 1380 monumento
1027 1352 1070 1380 ex
1098 1340 1227 1392 lingua
1255 1340 1496 1381 Graecorum·
1510 1352 1626 1380 reser-

185 1408 286 1455 vato,
317 1407 500 1457 explicare
528 1407 634 1446 nobis
662 1407 701 1445 in
721 1407 844 1446 animo
871 1407 939 1455 est,
970 1418 1083 1457 quare
1110 1406 1285 1457 primum,
1316 1406 1415 1457 quod
1442 1406 1489 1447 de
1515 1407 1627 1447 locali

185 1473 223 1512 vi
257 1472 376 1512 dativi
414 1472 554 1524 optime
599 1472 776 1512 disseruit
813 1471 853 1512 O.
890 1471 1094 1524 Capelle,¹)
1131 1484 1199 1512 nec
1235 1472 1340 1512 locus
1357 1468 1442 1512 ⁴aut
1476 1473 1626 1523 tempus

185 1539 258 1579 fuit
276 1539 407 1587 eadem
427 1551 517 1578 cura
536 1538 581 1578 de
600 1538 747 1589 proprio
766 1550 876 1590 agere
903 1538 1042 1587 dativo,
1071 1538 1396 1579 instrumentalem
1416 1538 1624 1579 statuimus

187 1615 313 1643 eruere
342 1603 461 1643 dativi
489 1599 602 1654 apud
616 1604 826 1643 Homerum
852 1603 931 1643 vim
959 1604 1071 1654 atque
1100 1615 1221 1643 usum.

293 1669 516 1709 Paullulum
553 1669 615 1708 hic
653 1669 831 1709 debemus
869 1669 934 1720 qui
967 1669 1007 1708 in
1040 1669 1253 1709 universum
1282 1669 1397 1709 etiam
1426 1668 1471 1709 de
1499 1668 1624 1709 dativo

183 1734 400 1785 scripserint
435 1734 712 1786 grammaticis,
751 1746 869 1785 quum
914 1746 1009 1785 quae
1054 1746 1096 1774 ex
1134 1734 1409 1785 comparatione
1446 1734 1626 1774 similium

183 1800 400 1852 linguarum
428 1800 557 1840 secuta
576 1801 676 1848 sunt,
705 1792 821 1851 prope
837 1800 1009 1840 omnibus
1028 1799 1167 1840 fuerint
1184 1799 1385 1852 incognita.
1421 1798 1626 1840 Confundit

184 1866 283 1906 enim
311 1866 465 1906 Rostius
476 1866 508 1917 ²)
537 1865 863 1906 instrumentalem
890 1866 969 1906 vim
997 1878 1083 1905 cum
1111 1866 1267 1906 ablativi
1295 1866 1334 1906 et
1361 1865 1470 1906 addit
1497 1866 1624 1906 dativo

183 1932 345 1983 proprio,
375 1943 470 1983 quae
499 1932 587 1971 sunt
615 1931 923 1980 instrumentalis,
954 1931 1185 1972 Matthiaeus
1204 1943 1290 1972 vero
1319 1944 1436 1982 quum
1462 1931 1502 1971 in
1529 1931 1624 1971 libro

184 2009 251 2037 suo
281 1997 512 2048 amplissimo
542 1997 665 2036 multa
692 1998 868 2047 praebeat
895 2009 962 2036 nec
989 1998 1155 2037 multum
1175 1997 1291 2037 etiarn
1318 1998 1379 2037 hic
1408 1997 1624 2048 disponendi

181 2064 366 2103 rationem
401 2062 462 2102 vix
502 2062 686 2102 adhibuit.
744 2061 892 2102 Attulit
925 2063 1103 2103 nonnulla
1141 2062 1481 2102 commemorabilia
1507 2063 1623 2103 Bern-

181 2128 403 2179 hardyus,³)
432 2128 526 2168 item
554 2127 804 2175 Thierschius,
834 2128 1105 2179 Kruegerus,⁴)
1144 2128 1209 2178 qui
1237 2129 1306 2167 sub
1336 2128 1482 2177 dative,
1513 2140 1623 2179 quem

180 2194 274 2234 dicit
310 2194 399 2242 „der
430 2193 669 2245 dynamische
689 2193 827 2233 Dativ“
850 2193 1033 2244 quaedam
1053 2193 1168 2233 etiam
1186 2193 1397 2242 Homerica,
1427 2193 1492 2233 sed
1519 2194 1623 2234 nulla

179 2261 325 2299 ratione
354 2272 397 2299 ac
427 2260 578 2301 consilio
609 2260 827 2309 composuit,
858 2260 980 2309 pluria
1017 2260 1153 2299 omisit.
1212 2259 1392 2299 Graviora
1419 2261 1457 2299 in
1485 2260 1555 2299 hac
1583 2272 1622 2299 re

271 2403 295 2443 ¹)
320 2401 355 2434 C.
381 2400 517 2443 Capelle
541 2399 645 2433 dativi
668 2400 782 2433 localis
807 2410 890 2441 quae
923 2401 968 2433 sit
997 2400 1047 2433 vis
1082 2402 1182 2442 atque
1213 2411 1291 2434 usus
1320 2400 1355 2433 in
1385 2399 1521 2433 Homeri
1552 2411 1621 2434 car-

180 2445 335 2478 minibus.
379 2445 600 2477 Hannoverae
624 2444 893 2478 MDCCCLXIV.

253 2492 295 2541 ᾖ)
319 2489 437 2528 Rostii,
461 2488 649 2527 Matthiaei,
675 2488 859 2521 Thierschii
883 2488 987 2521 libros
1011 2488 1085 2521 dico
1109 2488 1309 2530 compositos
1338 2488 1378 2521 de
1407 2489 1479 2522 arte
1510 2499 1619 2531 gram-

178 2536 312 2619 matlg?
328 2576 523 2620 Bernhardy
558 2576 885 2610 Wissenschaftliche
924 2577 1050 2620 Syntax
1096 2577 1154 2610 der
1198 2577 1427 2619 griechischen
1469 2577 1617 2619 Sprache

179 2622 294 2707 Berhg
316 2622 448 2708 ΙΙζῗ-ξὶὲει·
470 2664 862 2699 Poetisch-dialektische
886 2665 1012 2707 syntax
1035 2665 1151 2698 Berlin
1178 2666 1257 2699 1871
1284 2665 1334 2698 ed.
1358 2665 1422 2699 ΠΙ.
